1833 2581
615 660 1030 713 PRAEFATIO

187 791 348 833 Dantis
376 791 510 834 libros
534 791 586 833 de
610 791 776 845 vulgari
799 791 1048 844 eloquentia
1070 789 1254 831 tradunt
1278 788 1448 831 codices
1470 794 1581 831 tres:

186 863 225 905 B
259 863 396 905 codex
427 861 544 912 Bini,
586 862 955 911 membranaceus,
1000 860 1165 902 saeculi
1200 859 1359 910 XIV2‚
1403 859 1455 900 de
1499 874 1583 914 quo

72 932 157 975 alio
191 931 287 974 loco
320 931 460 974 fusius
493 946 631 985 agam.

189 1002 220 1046 G
240 1001 376 1044 codex
389 1001 642 1052 Corbinelli,
666 1016 783 1043 nunc
798 1000 1238 1055 Gratianopolitanus
1254 1002 1352 1050 580,
1370 999 1585 1041 membra·

74 1086 250 1124 naceus,
284 1072 471 1126 scriptus
504 1071 680 1113 saeculo
712 1070 831 1113 XIV
865 1075 1047 1112 exeunte
1080 1071 1124 1111 in
1157 1070 1290 1112 Italia
1323 1070 1585 1124 septentrio-

72 1142 187 1193 nali,
245 1142 316 1196 qui
363 1141 537 1183 saeculo
579 1141 699 1185 XVI
743 1140 825 1182 fuit
867 1140 1020 1182 Iacobi
1062 1139 1303 1182 Corbinelli
1356 1139 1585 1193 philologi.

75 1211 365 1254 Simulacrum
408 1213 629 1266 integrum
661 1212 796 1253 totius
828 1210 989 1252 codicis
1023 1209 1254 1251 ediderunt
1286 1210 1505 1264 Maignien
1542 1214 1585 1250 et

75 1281 276 1336 Prompt:
318 1281 462 1324 Dante
492 1283 734 1336 Alliyln'eri.
801 1281 947 1322 T-rav'te'
978 1281 1027 1321 de
1060 1280 1327 1333 Z'Eloquence
1371 1280 1582 1331 Vulqcze're.

82 1353 329 1394 Mmzuscrv't
361 1352 409 1393 de
443 1351 664 1393 Grenoble.
736 1351 899 1394 Vem'se.
939 1351 1107 1392 Olschkz·
1138 1351 1314 1399 «mitem,
1348 1352 1477 1390 1892.

191 1420 227 1461 'l'
261 1419 397 1462 codex
429 1419 637 1470 Trissino,
670 1434 790 1461 nunc
821 1419 1119 1461 Trivultianus
1154 1420 1278 1469 1088,
1313 1418 1584 1467 chartaceus,

78 1494 281 1532 exaratus
313 1490 487 1532 saeculo
518 1489 638 1532 XIV
671 1494 853 1531 exeunte
884 1489 928 1530 in
961 1489 1138 1542 regione
1172 1488 1388 1529 Patavina
1418 1489 1485 1529 vel
1512 1488 1585 1531 Vi-

3 1596 7 1599 .
77 1560 264 1611 centina,
308 1560 380 1613 qui
421 1560 538 1601 circa
569 1573 606 1601 a.
645 1562 757 1600 1400
789 1559 872 1600 fuit
903 1558 1198 1613 ‘Bartolomey
1232 1557 1284 1599 de
1317 1557 1584 1607 Zambellis’,

76 1629 233 1672 deinde
264 1629 429 1671 ‘Iacobi
450 1629 512 1670 M.
538 1628 775 1670 Clementis
797 1628 950 1670 Padue
974 1627 1223 1679 Causidici’‚
1257 1631 1409 1681 postea
1430 1627 1588 1668 ‘Marci

76 1700 129 1741 de
151 1699 409 1750 Placentia’,
433 1698 608 1740 saeculo
632 1698 751 1741 XVI
771 1701 947 1739 ineunte
969 1697 1181 1739 Iohannis
1207 1697 1386 1751 Georgii
1403 1697 1589 1739 Trissini

77 1769 298 1824 philologi,
322 1768 424 1810 inde
446 1782 472 1810 a
493 1767 590 1822 plus
623 1782 751 1822 quam
785 1772 959 1809 centum
982 1767 1107 1809 annis
1130 1767 1430 1809 marchionum
1453 1768 1588 1823 (nunc

77 1840 337 1894 principum)
373 1838 592 1880 Trivulzio
624 1837 1036 1880 Mediolanensium.

194 1908 378 1951 Codices
423 1909 458 1951 C
486 1912 529 1950 ct
563 1910 602 1951 T
639 1923 690 1950 ex
732 1908 884 1950 eodem
929 1907 1165 1961 archetypo
1211 1907 1452 1961 descriptos
1495 1920 1589 1948 esse

80 1978 377 2021 communibus
390 1978 648 2033 corruptelis
660 1978 995 2031 litteraturaque
1009 1978 1115 2019 satis
1129 1982 1327 2031 apparet.
1351 1976 1470 2018 Noto
1490 1990 1524 2018 e.
1542 1990 1587 2029 g:

79 2049 355 2091 omissiones:
388 2047 414 2090 I
434 2051 514 2090 514
547 2062 643 2090 cum
676 2048 729 2090 de
762 2048 926 2104 eterna]
965 2062 1061 2090 cum
1094 2052 1247 2089 eterna
1285 2046 1378 2098 CT3

386 2118 410 2160 I
431 2121 482 2160 12
500 2134 635 2160 18—19
660 2118 920 2161 excellentes
943 2118 1075 2160 animi
1088 2117 1345 2159 Latinorum
1362 2115 1588 2157 eniteban-

499 2188 586 2244 tur]
639 2188 869 2230 excelletes
915 2188 1151 2229 latinorum
1199 2185 1454 2228 nitebantur
1496 2185 1585 2237 GT3

388 2258 413 2299 Ι
438 2261 488 2299 15
507 2275 543 2300 32
554 2274 642 2300 —33
665 2258 707 2300 lo
736 2257 1146 2299 fino—Ghisilerius
1179 2271 1257 2298 om.
1285 2255 1361 2298 GT
1369 2269 1377 2307 3

504 2345 540 2369 43
566 2328 602 2370 si
625 2328 755 2370 etiam
779 2327 895 2381 quod
917 2342 994 2370 om.
1019 2327 1115 2378 GT;

1325 2396 1377 2436 1*
