1876 2615
348 48 524 83 DANTIS
549 48 612 83 DE
638 47 852 83 VCLGARI
876 47 1186 89 ELOQUENTIA
1210 48 1226 81 Ι
1251 49 1351 82 6-7.
1547 49 1597 89 17

100 165 288 209 cutionis
309 163 542 206 hereditati
559 166 661 205 sunt
678 162 754 204 filii
770 162 934 214 Heber,
958 163 1030 216 qui
1045 163 1098 204 ab
1115 176 1163 204 eo
1184 163 1288 204 dicti
1303 168 1403 204 sunt
1419 163 1598 204 Hebrei.
1619 174 1653 201 :jo

100 236 202 278 Hjis
233 234 335 277 solis
365 237 465 289 post
496 232 794 275 confusionem
825 232 1047 283 remansit,
1082 236 1130 273 ut
1160 232 1410 285 redemptor
1441 237 1601 282 noster,

101 305 177 359 qui
208 318 260 346 ex
289 303 376 345 illis
397 303 588 345 oriturus
611 307 705 344 erat
726 301 965 344 secundum
985 301 1313 352 humanitatem,
1346 315 1433 343 non
1455 301 1602 355 lingua

103 374 392 425 confusionis,
443 373 519 415 sed
563 373 702 427 gratie
747 372 979 413 frueretur.
1057 371 1160 412 Fuit
1205 385 1306 424 ergo
1353 370 1603 413 hebraicum
1622 382 1656 407 ιν.»

102 444 279 499 ydioma
309 443 419 485 illud
451 443 568 496 quod
598 442 728 497 primi
759 442 977 495 loquentis
1008 440 1127 482 labia
1158 440 1444 483 fabricarunt.

234 536 427 591 Ispudet,
446 536 543 587 heu,
561 550 678 577 nunc
694 535 875 576 humani
890 535 1059 589 generis
1076 534 1358 588 ignominiam
1375 547 1600 575 renouare.
1629 538 1650 572 7

264 606 352 649 Sed
384 607 486 660 quia
532 605 744 659 preterire
787 619 874 646 non
915 617 1143 658 possumus
1187 604 1290 657 quin
1331 607 1605 645 transeamus

105 691 185 731 per
225 676 359 727 illam,
404 689 653 729 quanquam
695 675 829 716 rubor
873 674 929 716 ad
971 688 1049 716 ora
1087 678 1322 727 consurgat
1355 674 1641 727 animusquea

108 746 310 800 refugiat,
358 759 676 800 percurremus.
755 743 793 786 O
841 757 1010 798 semper
1064 747 1225 784 natura
1270 749 1421 784 nostra
1468 758 1606 797 prona

107 816 311 871 peccatis,
345 830 369 857 o
393 815 446 857 ab
478 815 602 857 initio
627 819 668 856 et
690 829 912 868 nunquam
935 814 1135 855 desinens
1158 815 1438 867 nequitatrix,
1491 813 1607 855 Num

106 885 253 928 fuerat
283 886 388 927 satis
420 885 477 927 ad
507 886 571 927 tui
598 886 934 939 corruptionem,
971 883 1086 938 quod
1107 897 1186 938 per
1207 884 1392 938 primam
1414 884 1608 937 preuari-
1628 900 1643 923 ν,

109 957 327 998 nationem
371 956 595 997 eliminata
642 956 890 997 delitiarum
937 954 1144 996 exulabas
1192 968 1217 995 a
1256 954 1432 1007 patria?
1493 954 1609 995 Num

107 1027 228 1077 satis,
272 1025 387 1080 quod
418 1040 497 1079 per
534 1026 828 1067 uniuersalem
860 1025 1022 1066 familie
1055 1029 1127 1066 tue
1159 1025 1372 1066 luxuriem
1405 1029 1446 1066 et
1479 1025 1610 1065 truci-

110 1099 260 1147 tatem,
301 1096 431 1137 unica
463 1101 691 1138 reseruata
723 1096 864 1146 domo,
899 1095 1102 1149 quicquid
1134 1096 1198 1137 tui
1229 1096 1334 1136 iuris
1368 1099 1461 1136 erat
1494 1100 1609 1136 cata·
1630 1111 1645 1135 υ

112 1166 263 1207 clismo
295 1166 499 1219 perierat,
534 1171 576 1208 et
609 1180 690 1220 que
724 1166 1000 1208 commiseras
1032 1169 1092 1215 tu,
1126 1165 1332 1206 animalia
1366 1165 1446 1206 celi
1477 1170 1610 1206 terre-

111 1249 196 1289 que
227 1235 313 1276 iam
345 1235 546 1277 luerant‘?
598 1235 770 1290 Quippe
793 1237 898 1277 satis
922 1236 1138 1277 extiterat.
1193 1235 1280 1277 Sed
1303 1236 1413 1277 sicut
1435 1249 1613 1289 prouer-

113 1304 288 1346 bialiter
335 1304 421 1345 dici
466 1304 589 1355 solet,
637 1304 751 1346 ‘Non
799 1308 900 1346 ante
947 1306 1123 1346 tertium
1167 1305 1407 1358 equitabis’,
1455 1306 1613 1346 misera
1636 1317 1666 1344 ιε

114 1375 322 1416 miserum
353 1374 504 1415 uenire
535 1374 725 1416 maluisti
748 1375 804 1416 ad
827 1389 996 1428 equum.
1058 1375 1188 1426 Ecce,
1222 1375 1372 1426 lector,
1408 1375 1520 1429 quod
1545 1375 1614 1416 uel

115 1444 276 1486 oblitus
308 1444 436 1486 homo
470 1444 540 1485 uel
571 1445 842 1498 uilipendens
875 1445 1125 1499 disciplinas
1157 1446 1324 1499 priores
1348 1450 1388 1486 et
1413 1450 1613 1486 auertens

114 1514 266 1555 oculos
299 1528 323 1555 a
355 1514 567 1556 uibicibus
616 1528 697 1567 que
743 1519 1057 1565 remanserant,
1105 1516 1235 1557 tertio
1282 1516 1518 1556 insurrexit
1560 1514 1613 1555 ad
1637 1527 1666 1555 15

117 1583 304 1626 uerbera
344 1598 423 1638 per
456 1584 687 1637 superbam
721 1584 948 1626 stultitiam
981 1585 1283 1639 presumendo.
1345 1585 1615 1638 Presumpsit

115 1666 221 1706 ergo
253 1653 299 1693 in
331 1652 462 1694 corde
495 1668 572 1695 suo
605 1654 859 1696 incurabilis
890 1654 1018 1697 homo
1052 1656 1130 1697 sub
1163 1656 1444 1710 persuasione
1466 1655 1613 1708 gigan-

117 1723 198 1773 tis,
253 1727 348 1764 arte
396 1737 475 1765 sua
517 1737 605 1765 non
653 1724 792 1766 solum
838 1739 1044 1778 superare
1091 1730 1316 1775 naturam,
1366 1724 1441 1766 sed
1486 1725 1614 1766 etiam
1640 1739 1669 1765 ιε

209 1840 255 1874 40
280 1839 469 1884 loquentis
495 1840 684 1884 loquentis
710 1841 835 1885 (CM)

210 1897 233 1931 7
265 1897 282 1931 1
310 1905 324 1930 ῑ
348 1897 597 1942 ignominiam
625 1898 689 1933 CT
801 1900 822 1934 3
849 1899 896 1932 ad
923 1899 968 1937 B,
995 1899 1034 1933 in
1063 1899 1127 1934 CT
1244 1902 1264 1935 6
1292 1902 1395 1936 actui
1422 1912 1551 1946 corup-
1581 1902 1617 1936 (t

119 1954 201 1989 atui
228 1966 417 1999 corrump-
436 1956 474 1996 T,
503 1956 550 1990 ad
575 1956 631 1990 tui
657 1968 803 2001 correp-
826 1957 1002 1992 Boehmer
1027 1957 1153 2002 Rajna
1250 1960 1268 1993 7
1297 1959 1500 1993 eluminat-a
1522 1959 1619 1993 CIR

118 2013 212 2048 7—8
238 2013 336 2048 Num
361 2013 452 2048 satis
478 2015 532 2049 bis
562 2015 630 2050 TR
723 2015 814 2050 8-9
839 2015 1084 2050 trucitantem
1114 2016 1178 2050 CT
1270 2018 1312 2051 10
1340 2028 1411 2061 que
1437 2028 1489 2051 om
1508 2017 1617 2059 BCT,

117 2081 209 2106 corr.
241 2071 396 2106 Trissino
490 2073 636 2118 celique
665 2074 731 2108 CT
824 2075 864 2108 16
893 2074 1106 2118 superbiam
1130 2075 1237 2110 BCT
1332 2075 1442 2110 17—S
1469 2075 1618 2120 gigatis.

119 2141 155 2164 n.
175 2132 256 2165 arte
275 2132 311 2165 B
408 2132 450 2167 18
469 2131 661 2178 suiperare
685 2133 721 2174 C,
750 2145 853 2178 surp-
872 2133 903 2166 T

215 2224 260 2258 36
293 2225 339 2268 cf.
385 2225 592 2270 Uyzdionem
627 2226 753 2261 Heber
789 2226 862 2262 fuit
900 2237 1089 2272 pronepos
1128 2225 1214 2260 Sem
1243 2252 1249 2258 .
1276 2252 1282 2259 .
1312 2252 1318 2259 .
1346 2236 1390 2259 ex
1427 2225 1508 2270 ipso
1548 2225 1621 2260 orti

120 2283 210 2317 sunt
235 2281 375 2317 Hebrei
401 2284 438 2317 et
464 2283 557 2318 dicti
582 2284 629 2318 ab
652 2283 786 2318 Heber.
911 2285 952 2319 16
977 2296 1048 2329 sqq.
1076 2284 1121 2328 cf.
1153 2283 1239 2318 Gen.
1267 2286 1321 2323 11,
1349 2287 1451 2318 1-9.

124 2340 166 2374 17
193 2339 302 2385 gigas
328 2340 350 2374 i.
377 2351 404 2375 e.
431 2341 621 2381 Nembrot3
648 2341 693 2386 cf.
720 2342 879 2386 Auyusz‘.
905 2341 947 2376 de
973 2341 1038 2377 civ.
1063 2341 1120 2376 dei
1143 2343 1200 2383 16,
1216 2343 1247 2374 4.

194 2410 305 2437 Dantis
325 2411 362 2437 de
381 2411 505 2443 vulgari
525 2412 714 2443 eloquentia.
1388 2401 1412 2439 2
