1876 2615
379 48 549 83 DANTlS
574 47 638 82 DE
664 46 879 82 VULGARI
905 45 1215 88 ELOQUENTIA
1239 47 1255 80 l
1280 47 1312 82 8.
1546 50 1598 89 19

101 171 166 209 est
196 165 383 220 populus
405 164 560 214 Israel,
595 164 667 217 qui
692 163 993 216 antiquissima
1015 163 1236 204 locutione
1259 167 1358 204 sunt
1381 163 1445 203 usi
1468 178 1602 217 usque

102 237 158 279 ad
190 250 313 278 suam
345 234 671 289 dispersionem.

210 328 259 369 X
279 326 532 382 precedenti
548 330 789 367 memorata
807 324 1060 366 confusione
1078 324 1324 377 linguarum
1340 339 1428 366 non
1445 324 1600 367 leuiter
1627 335 1648 368 S

252 398 481 452 opinamur
523 409 601 450 per
641 394 849 436 uniuersa
890 393 1042 434 mundi
1075 393 1252 435 climata
1297 394 1603 448 climatumque

102 469 255 523 plagas
294 466 550 509 incolendas
594 470 635 507 et
677 464 859 518 angulos
891 468 997 505 tunc
1028 464 1213 517 primum
1245 463 1440 506 homines
1472 464 1603 507 fuisse
1624 476 1640 504 :3

103 538 336 592 dispersos.
400 537 460 578 Et
492 550 588 577 cum
619 534 744 576 radix
775 534 962 575 humane
994 533 1248 587 propaginis
1280 534 1534 588 principalis
1561 535 1604 576 in

104 609 192 649 oris
224 606 509 649 orientalibus
541 605 596 647 sit
629 604 844 659 plantata,
878 616 958 644 nec
988 616 1076 644 non
1110 603 1163 644 ab
1186 603 1287 644 inde
1311 605 1366 645 ad
1389 609 1605 659 utrunque

103 678 218 719 latus
257 690 337 731 per
377 675 555 718 diffusos
593 674 892 728 multipliciter
923 673 1124 727 palmites
1157 678 1307 715 nostra
1340 674 1395 715 sit
1429 678 1605 717 extensa
1624 685 1641 712 ¹5

103 760 300 801 propago
349 745 607 799 demumque
654 744 710 786 ad
741 744 849 785 fines
883 743 1175 785 occidentales
1207 749 1446 797 protracta,
1495 745 1606 786 forte

103 817 303 871 primitus
336 820 441 858 tunc
473 816 544 858 uel
573 815 707 857 totius
724 814 903 868 Europe
925 813 1116 864 fiumina,
1150 813 1220 854 uel
1243 813 1385 854 saltim
1408 813 1606 867 quedam,

105 886 341 928 rationalia
363 890 542 940 guttura
562 887 842 939 potauerunt.
875 882 963 926 Sed
987 884 1076 924 siue
1100 883 1269 924 aduene
1287 888 1390 924 tunc
1409 884 1607 937 primitus
1626 893 1643 920 0

107 956 399 1008 aduenissent,
433 957 524 998 siue
557 955 613 997 ad
635 956 859 1008 Europam
880 953 1083 1006 indigene
1105 953 1403 1007 repedassent,
1436 954 1609 1008 ydioma

107 1040 252 1068 secum
273 1026 531 1080 tripharium
553 1026 748 1067 homines
771 1023 1035 1075 attulerunt3
1071 1028 1113 1065 et
1136 1022 1409 1065 afferentium
1432 1024 1513 1066 hoc
1537 1024 1609 1065 alii

107 1096 448 1148 meridionalem,
483 1096 557 1137 alii
589 1094 975 1149 septentrionalem
1007 1093 1228 1146 regionem
1258 1094 1304 1134 in
1326 1093 1507 1147 Europa
1530 1094 1610 1136 sibi
1630 1102 1662 1130 1‘2

110 1166 252 1208 sortiti
283 1170 404 1218 sunt;
448 1170 490 1208 et
520 1166 651 1216 tertii,
692 1179 798 1218 quos
840 1179 955 1206 nunc
989 1163 1156 1206 Grecos
1190 1177 1408 1215 uocamus,
1441 1169 1609 1218 partem

110 1236 300 1290 Europe,
322 1240 495 1291 partem
517 1236 624 1278 Asie
647 1238 929 1290 occuparunt.
993 1234 1066 1275 Ab
1090 1248 1176 1276 uno
1198 1238 1351 1288 postea
1375 1233 1610 1287 eodemque

110 1305 329 1359 ydiomate
373 1306 418 1347 in
463 1306 637 1348 uindice
680 1306 934 1348 confusione
980 1308 1156 1358 rec-epto
1205 1304 1379 1346 diuersa
1411 1303 1610 1357 uulgaria
1632 1318 1664 1345 15

110 1379 341 1417 traxerunt
371 1376 593 1428 originem,
628 1375 739 1417 sieut
769 1374 951 1416 inferius
983 1373 1272 1415 ostendemus.
1335 1373 1449 1414 Nam
1472 1378 1611 1415 totum

113 1445 228 1498 quod
261 1445 315 1487 ab
347 1445 500 1488 hostiis
532 1446 727 1487 Danubii
760 1445 850 1487 siue
882 1444 1089 1486 Meotidis
1122 1443 1354 1497 paludibus
1388 1458 1522 1497 usque
1555 1444 1611 1485 ad

111 1514 220 1557 fines
262 1515 554 1558 occidentales
586 1516 742 1569 Anglie
775 1514 1010 1556 Ytalorum
1055 1516 1410 1566 Francorumque
1454 1513 1610 1555 finibus
1633 1525 1665 1553 is

113 1590 156 1627 et
201 1599 390 1628 occeano
436 1586 663 1637 limitatur,
716 1584 853 1627 solum
898 1598 1032 1625 unum
1065 1583 1251 1625 obtinuit
1282 1583 1468 1637 ydioma,
1511 1583 1612 1625 licet

112 1659 265 1710 postea
295 1669 374 1709 per
398 1655 651 1707 Sclauones,
685 1655 902 1709 Vngaros,
936 1654 1212 1704 Teutonicos,
1246 1652 1455 1702 Saxones,
1489 1652 1611 1705 Ang-

111 1724 234 1776 licos,
258 1729 301 1766 et
324 1724 433 1766 alias
454 1726 655 1768 nationes
679 1724 956 1778 quamplures
978 1724 1109 1765 fuerit
1131 1737 1208 1777 per
1226 1723 1399 1764 diuersa
1413 1722 1613 1776 uulgaria
1633 1733 1665 1761 21

115 1794 372 1847 deriuatum,
394 1795 478 1837 hoc
499 1795 592 1838 solo
614 1795 706 1837 fere
729 1795 928 1837 omnibus
949 1794 993 1835 in
1017 1794 1185 1847 signum
1209 1792 1398 1834 eiusdem
1412 1791 1615 1846 principii

114 1869 381 1917 remanente,
412 1865 528 1919 quod
560 1865 685 1919 quasi
715 1863 900 1919 predicti
923 1877 1069 1906 omnes
1093 1866 1130 1905 ἑο
1155 1861 1414 1904 affirmando
1437 1875 1614 1915 respon-

116 1933 233 1976 dent.
256 1934 330 1976 Ab
341 1936 425 1977 isto
436 1936 648 1990 incipiens
662 1935 893 1991 ydiomate,
909 1933 1113 1975 uidelicet
1127 1947 1151 1974 a
1165 1932 1322 1974 finibus
1338 1932 1614 1985 Vngarorum
1633 1941 1668 1969 24

209 2052 232 2087 8
260 2055 276 2087 1
303 2053 518 2098 precedent'
547 2053 616 2095 CT,
643 2055 716 2087 -ter
741 2053 916 2087 Boehmer
942 2052 978 2086 R
1099 2052 1118 2085 7
1146 2061 1219 2094 que
1244 2049 1359 2084 om.B
1454 2048 1534 2081 fore
1557 2046 1621 2080 CT

117 2113 138 2147 8
165 2112 293 2158 euripe
321 2112 386 2147 OT
452 2112 587 2147 saltem
625 2111 690 2146 CT
704 2111 771 2146 edd
913 2111 933 2145 9
972 2108 1210 2154 gucturaBC
1318 2104 1617 2150 portaueruntB

118 2182 236 2206 auene
264 2172 330 2207 GT
445 2171 487 2205 10
512 2170 669 2216 indigne
701 2169 939 2214 repedissent
966 2168 1031 2203 CT
1146 2166 1261 2201 13—4
1284 2163 1424 2208 partim
1461 2161 1615 2206 europie

115 2230 227 2266 arbim
253 2229 323 2271 GT,
355 2242 380 2274 p
410 2230 524 2265 artim
561 2229 720 2274 Europe,
759 2227 899 2272 partim
925 2227 960 2261 R
1114 2226 1156 2260 15
1181 2222 1359 2258 inundice
1389 2221 1425 2260 C,
1452 2220 1570 2254 imun-
1588 2219 1620 2252 T

121 2289 162 2324 17
187 2289 308 2323 hostis
333 2287 404 2321 CT
469 2287 546 2322 siue
572 2288 618 2328 B,
646 2286 678 2320 si
696 2289 715 2321 e
737 2286 774 2326 C,
801 2285 891 2319 sieT
1054 2283 1096 2318 18
1121 2282 1310 2327 ytalorum
1337 2290 1409 2323 que
1434 2278 1532 2312 fran-
1555 2277 1620 2311 CT

118 2346 164 2380 20
188 2345 401 2381 teotunicos
429 2344 466 2388 C,
492 2343 705 2380 teotuineos
735 2344 768 2377 T
857 2342 903 2376 22
930 2341 1136 2376 diriuatum
1162 2339 1236 2373 BT
1384 2394 1404 2417 *

1345 2397 1370 2436 2
