1876 2615
390 66 567 101 DANTIS
592 65 654 100 DE
682 66 895 100 VULGARI
923 66 1232 108 ELOQUENTIA
1262 67 1294 100 11
1321 68 1353 102 8.
1561 72 1614 110 57

115 183 192 225 sed
235 196 377 232 sonus,
422 182 493 223 uel
539 187 680 232 tonus,
726 182 796 222 uel
829 186 947 230 nota,
996 182 1064 222 uel
1098 182 1247 223 melos.
1312 183 1470 224 Nullus
1504 186 1615 226 enim

113 253 287 302 tibicen,
329 252 399 293 uel
431 252 667 305 organista,
707 251 777 292 uel
811 251 1059 292 citharedus
1092 251 1325 293 melodiam
1358 267 1479 294 suam
1514 268 1614 295 can-
1634 264 1669 291 30

112 323 275 364 tionem
318 326 460 371 uocat,
505 321 589 362 nisi
632 321 677 362 in
721 325 931 374 quantum
963 326 1101 374 nupta
1135 326 1200 362 est
1234 322 1363 363 alicui
1397 324 1612 375 cantioni3

112 392 188 433 sed
235 391 556 433 armonizantes
600 390 735 432 uerba
783 404 917 444 opera
964 405 1042 432 sua
1081 391 1306 432 cantiones
1339 397 1524 444 uocant3
1574 398 1616 434 et

113 461 241 503 etiam
289 461 396 502 talia
442 461 580 502 uerba
625 461 668 501 in
718 460 897 502 cartulis
945 461 1108 514 absque
1154 461 1378 514 prolatore
1425 463 1615 505 iacentia
1632 476 1667 504 33

112 532 336 573 cantiones
375 544 596 572 uocamus.
660 530 718 571 Et
757 530 855 571 ideo
889 530 1033 571 cantio
1066 531 1129 571 nil
1162 531 1281 572 aliud
1316 545 1407 572 esse
1439 532 1615 574 uidetur

111 615 239 654 quam
262 601 376 642 actio
399 600 615 654 completa
639 600 844 641 dictantis
868 601 1002 641 uerba
1019 601 1309 642 modulationi
1329 603 1612 645 armonizata.

109 669 392 724 Quapropter
438 675 527 711 tam
576 669 802 711 cantiones
851 684 957 723 quas
1000 685 1116 711 nunc
1163 675 1426 722 tractamus,
1483 687 1612 725 quam
1631 685 1666 713 :36

107 739 296 781 ballatas
319 744 360 781 et
382 740 563 790 sonitus,
599 744 640 781 et
663 740 808 781 onmia
832 740 1125 794 cuiuscunque
1148 741 1265 782 modi
1288 742 1425 783 uerba
1448 742 1613 784 scilicet

109 810 379 851 armonizata
401 810 643 863 uulgariter
666 815 707 851 et
731 809 1004 863 regulariter,
1039 811 1264 852 cantiones
1289 825 1381 853 esse
1405 812 1610 854 dicemus.

108 878 195 921 Sed
243 879 344 933 quia
390 879 482 921 sola
528 880 731 933 uulgaria
777 880 1051 931 uentilamus,
1100 881 1301 933 regulata
1347 881 1608 935 linquentes,
1630 894 1665 921 κε)

108 948 287 990 dicimus
334 949 578 1002 uulgarium
611 954 859 1003 poematum
895 964 1026 990 unum
1061 964 1151 991 esse
1185 965 1446 1004 supremum,
1497 952 1611 1005 quod

106 1033 184 1073 per
231 1019 668 1073 superexcellentiam
716 1020 963 1061 cantionem
1015 1034 1244 1072 uocamus;
1303 1021 1418 1074 quod
1467 1026 1610 1063 autem

106 1103 353 1143 supremum
385 1088 487 1142 quid
518 1090 573 1130 sit
606 1090 762 1132 cantio.
796 1089 841 1130 in
873 1091 1003 1131 tertio
1035 1090 1161 1132 huius
1194 1090 1293 1132 libri
1329 1092 1521 1145 capitulo
1545 1096 1611 1133 est
1633 1102 1671 1130 42

104 1159 350 1212 probatum.
382 1159 443 1200 Et
465 1159 668 1213 quoniam
692 1159 806 1212 quod
830 1159 1064 1202 diffinitum
1087 1165 1152 1202 est
1174 1161 1374 1214 pluribus
1408 1162 1610 1215 generale

104 1228 290 1278 uidetur,
324 1234 592 1270 resumentes
625 1228 860 1270 diffinitum
888 1230 974 1270 iam
996 1230 1200 1284 generale
1225 1231 1500 1282 uocabulum,
1534 1245 1611 1285 per

105 1298 317 1351 quasdam
365 1298 634 1340 differentias
689 1299 829 1340 solum
880 1299 995 1353 quod
1042 1301 1229 1354 petimus
1278 1301 1607 1355 distinguamus.
1627 1311 1663 1339 45

106 1367 301 1409 Dicimus
324 1382 426 1421 ergo
450 1369 566 1422 quod
589 1369 749 1417 cantio,
774 1369 816 1409 in
841 1374 1048 1422 quantum
1071 1384 1150 1424 per
1172 1371 1608 1424 superexcellentiam

105 1437 275 1487 dicitur,
322 1442 372 1480 ut
410 1442 452 1479 et
484 1452 562 1480 nos
595 1439 824 1491 querimus,
876 1443 939 1480 est
971 1440 1189 1492 equalium
1223 1441 1483 1482 stantiarum
1515 1442 1607 1482 sine

103 1508 380 1561 responsorio
414 1508 470 1549 ad
502 1522 633 1549 unam
667 1510 927 1550 sententiam
962 1510 1130 1562 tragica
1163 1511 1425 1563 coniugatio,
1459 1515 1507 1551 ut
1528 1520 1662 1552 nos43

103 1577 371 1619 ostendimus
405 1592 500 1619 cum
524 1577 718 1628 dicimus,
759 1578 924 1628 Domze,
949 1581 1019 1621 elce.
1041 1584 1159 1621 (mete
1184 1581 1384 1621 intellecto
1407 1581 1604 1622 d'czmore.

101 1646 232 1701 Quod
279 1653 425 1689 autem
473 1648 654 1689 dicimus
696 1649 882 1701 ‘tragica
928 1649 1202 1703 coniugatio’‚
1254 1653 1319 1691 est
1364 1650 1464 1703 quia
1509 1664 1605 1691 cum

101 1717 262 1758 comice
294 1717 371 1758 fiat
402 1717 482 1758 hec
505 1718 766 1770 coniugatio,
801 1718 1066 1760 cantilenam
1089 1733 1297 1760 uocamus
1320 1734 1398 1773 per
1421 1719 1604 1760 diminu-
1627 1728 1660 1755 -31

99 1786 281 1839 tionem3
327 1787 380 1828 de
425 1801 509 1841 qua
549 1788 594 1828 in
627 1792 784 1840 quarto
818 1788 944 1829 huius
977 1793 1170 1830 tractare
1202 1789 1484 1830 intendimus.
1547 1790 1606 1830 Et

99 1855 160 1897 sic
190 1860 314 1910 patet
348 1857 451 1911 quid
485 1857 631 1899 cantio
665 1857 732 1906 sit,
774 1862 816 1899 et
847 1863 977 1911 prout
1010 1859 1223 1913 accipitur
1255 1859 1528 1912 generaliter,
1563 1864 1606 1901 et-

191 1949 236 1983 34
253 1960 432 1984 uocamus
451 1952 554 1984 om.T
607 1950 724 1985 nichil
745 1950 779 1982 Β
878 1951 921 1984 35
949 1951 1108 1985 dicentis
1129 1953 1162 1985 Β
1262 1952 1305 1986 36
1325 1954 1364 1986 tf]
1382 1953 1416 1984 Β
1466 1954 1603 1986 tracte-

97 2007 227 2042 musB
337 2008 380 2043 37
408 2008 565 2053 scilicet]
594 2011 655 2043 sut
683 2010 734 2050 B,
779 2013 795 2045 ἑ
820 2009 904 2049 CT,
931 2009 1061 2044 corr.R
1155 2011 1200 2045 40
1227 2021 1470 2055 suppremum
1490 2011 1600 2043 BCT

96 2065 212 2099 41-2
238 2068 366 2100 autem
390 2078 520 2112 suppr-
543 2067 586 2108 Β,
613 2069 680 2101 aut
706 2079 839 2113 suppr-
863 2067 931 2101 CT
1027 2069 1072 2102 44
1097 2071 1311 2102 resumente
1327 2069 1397 2102 CT
1494 2069 1538 2102 47
1566 2070 1603 2102 et

96 2125 217 2157 om.B
369 2125 484 2160 50—·2
522 2124 630 2166 Quod
656 2126 957 2160 —intendimus
996 2127 1032 2160 in
1070 2126 1248 2161 codicibus
1286 2127 1322 2160 in
1355 2126 1434 2169 fine
1470 2127 1603 2169 capitis

90 2185 175 2224 post
200 2182 397 2225 molimur3
427 2193 515 2218 corr.
532 2183 567 2217 R
709 2185 749 2218 51
781 2184 984 2219 catilenam
1001 2186 1034 2217 Β
1177 2185 1224 2218 56
1251 2183 1334 2228 quis
1352 2184 1388 2217 B

187 2252 233 2286 49
262 2252 388 2287 Cautio
424 2252 551 2296 leyitur
586 2253 625 2288 in
663 2254 798 2289 Dantis
840 2254 925 2289 Vita
963 2265 1055 2288 nova
1083 2257 1155 2296 19;
1193 2253 1244 2289 ed.
1272 2253 1370 2287 Beck
1401 2253 1600 2294 (Mfinclzen

95 2310 205 2351 1896)
222 2321 257 2354 p.
277 2313 408 2353 45—9,
433 2311 484 2345 ed.
509 2311 627 2346 Barba·
646 2312 804 2357 (Milano
829 2312 938 2356 1907)
953 2323 988 2357 p.
1009 2315 1141 2352 44—8,
1169 2312 1219 2346 ed.
1241 2311 1411 2346 Scherillo
1441 2311 1599 2354 (Milano

94 2368 197 2411 1911)
216 2379 255 2411 p.
281 2370 484 2406 107—121.
