1876 2615
377 63 553 99 DANTIS
578 62 642 97 DE
668 62 883 96 VULGARI
908 60 1218 102 ELOQUENTIA
1245 60 1278 94 II
1307 60 1358 96 13.
1563 64 1617 102 65

114 196 217 225 usus
255 188 320 224 est
352 179 577 222 Arnaldus
613 178 816 220 Danielis
856 177 1217 230 frequentissime,
1261 176 1383 217 uelut
1413 177 1486 228 ibi,
1526 178 1619 219 Sem

112 253 180 305 fos
212 253 348 294 Amor
392 251 441 292 de
479 252 547 303 joi
578 250 738 299 domm,-
788 251 830 289 et
876 261 956 288 nos
997 247 1190 297 dicimus,
1239 247 1298 287 Al
1323 261 1426 299 poco
1457 249 1618 299 morito.
1672 274 1675 276 -

113 321 252 363 Aliud
299 324 363 363 est
408 320 572 362 stantia
619 319 739 360 cuius
775 318 921 359 omnia
953 316 1149 358 carmina
1182 315 1366 357 eundem
1398 316 1655 359 rithimum9

113 391 316 442 reddunt,
339 391 383 432 in
406 404 491 444 qua
513 388 778 443 superfluum
803 401 896 429 esse
915 390 1087 428 constat
1103 385 1405 427 habitudinem
1424 399 1620 439 querere.

112 460 187 504 Sic
231 460 415 516 proinde
459 462 598 501 restat
645 459 762 500 circa
806 458 1007 499 rithimos
1053 457 1210 498 mixtos
1257 458 1427 499 tantum
1462 456 1620 498 debere

111 532 268 573 insisti.
330 531 390 572 Et
431 530 571 584 primo
616 529 841 570 sciendum
875 532 940 569 est
972 526 1088 580 quod
1118 527 1163 567 in
1195 526 1278 568 hoc
1310 526 1617 580 amplissimam
1637 541 1673 569 12

111 602 194 643 sibi
239 601 459 643 licentiam
503 599 596 641 fere
645 613 793 641 omnes
826 601 1074 645 assumunt;
1123 601 1165 638 et
1212 610 1263 638 ex
1308 596 1390 638 hoc
1431 597 1615 638 maxime

110 672 244 714 totius
288 671 482 712 armonie
530 669 713 712 dulcedo
758 669 1012 710 intenditur.
1077 667 1190 710 Sunt
1237 668 1395 709 etenim
1440 667 1616 721 quidam

112 743 186 796 qui
217 755 304 783 non
327 754 474 783 omnes
498 739 761 793 quandoque
785 739 1050 780 desinentias
1073 738 1312 780 carminum
1335 737 1616 779 rithimantur
1640 756 1673 785 15

110 812 154 853 in
188 811 338 853 eadem
371 810 547 860 stantia,
581 810 656 851 sed
689 810 863 851 easdem
896 812 1113 863 repetunt,
1147 809 1237 849 siue
1269 807 1551 849 rithimantur
1572 808 1617 850 in

111 881 230 933 aliis3
265 880 376 922 sicut
407 879 489 921 fuit
512 879 675 922 Gottus
697 879 981 929 Mantuanus,
1016 879 1089 931 qui
1111 891 1211 918 suas
1233 877 1392 918 multas
1417 881 1458 919 et
1480 877 1617 919 bonas

109 951 336 993 cantiones
368 950 494 992 nobis
529 954 732 992 oretenus
764 950 996 991 intimauit.
1059 948 1145 989 Hic
1177 961 1347 1001 semper
1377 947 1421 988 in
1454 947 1617 988 stantia
1638 965 1670 992 ιδ

109 1035 243 1062 unum
285 1034 459 1062 carmen
501 1019 802 1061 incomitatum
834 1019 1022 1069 texebat,
1065 1017 1181 1071 quod
1214 1018 1382 1059 clauem
1414 1016 1614 1059 uocabat.

108 1091 167 1132 Et
215 1091 326 1132 sicut
374 1091 426 1131 de
468 1104 555 1131 uno
588 1089 704 1141 licet,
753 1089 856 1130 licet
890 1089 1021 1130 etiam
1054 1088 1107 1129 de
1140 1087 1308 1129 duobus
1342 1091 1384 1128 et
1415 1087 1529 1128 forte
1563 1087 1615 1129 de

109 1161 318 1216 pluribus.
384 1160 573 1215 Quidam
596 1160 670 1202 alii
693 1164 806 1212 sunt,
838 1164 879 1201 et
902 1159 992 1201 fere
1016 1173 1164 1201 omnes
1187 1160 1439 1200 cantionum
1460 1158 1611 1200 11111011-
1632 1173 1666 1201 21

108 1235 239 1281 tores,
274 1231 346 1284 qui
377 1230 543 1272 nullum
574 1231 618 1272 in
652 1231 817 1272 stantia
841 1244 1017 1272 carmen
1039 1230 1340 1271 incomitatum
1362 1228 1616 1282 relinquunt

109 1301 214 1354 quin
260 1299 342 1341 sibi
386 1300 548 1341 rithimi
595 1301 957 1354 concrepantiam
1003 1299 1213 1354 reddantf,
1261 1299 1332 1340 uel
1375 1300 1501 1341 unius
1545 1301 1616 1343 uel

108 1370 311 1424 plurium.
373 1369 434 1411 Et
467 1369 642 1422 quidam
675 1369 872 1411 diuersos
906 1369 1073 1410 faciunt
1111 1383 1203 1410 esse
1235 1369 1430 1411 rithimos
1465 1384 1612 1412 eorum
1632 1387 1667 1415 24

109 1453 191 1493 que
238 1443 338 1493 post
371 1439 519 1480 diesim
562 1440 757 1480 carmina
790 1442 903 1490 sunt,
938 1453 963 1479 a
995 1438 1181 1479 rithimis
1215 1453 1363 1480 eorum
1398 1454 1479 1493 que
1512 1446 1613 1482 sunt

109 1513 230 1561 ante,
264 1509 439 1562 quidam
463 1522 566 1550 uero
590 1523 676 1550 non
701 1510 772 1559 sic,
810 1509 883 1550 sed
908 1509 1172 1550 desinentias
1197 1510 1428 1551 anterioris
1451 1511 1612 1553 stantie

107 1579 222 1620 inter
245 1582 422 1632 postera
451 1578 645 1620 carmina
667 1578 908 1633 referentes
930 1580 1144 1620 intexunt.
1209 1578 1443 1632 Sepissime
1465 1584 1611 1623 tamen
1629 1596 1664 1625 27

106 1647 189 1689 hoc
235 1648 285 1690 fit
327 1648 372 1688 in
419 1647 664 1689 desinentia
709 1649 837 1701 primi
881 1649 1193 1702 posteriorum,
1243 1663 1373 1702 quam
1415 1650 1612 1704 plerique

106 1718 388 1759 rithimantur
421 1718 459 1758 ei
491 1731 573 1770 que
606 1722 670 1759 est
702 1719 895 1772 priorum
919 1720 1195 1772 posterioris3
1230 1719 1346 1772 quod
1375 1735 1462 1761 11011
1493 1721 1611 1762 aliud

107 1801 201 1829 esse
222 1788 396 1829 uidetur
418 1802 546 1840 quam
570 1788 755 1841 quedam
777 1789 911 1842 ipsius
934 1790 1093 1831 stantie
1117 1790 1420 1831 concatenatio
1442 1791 1608 1844 pulcra.
1629 1806 1664 1835 30

106 1856 176 1898 De
221 1857 495 1899 rithimorum
543 1872 715 1912 quoque
759 1859 1027 1911 habitudine,
1077 1865 1208 1914 prout
1249 1865 1350 1902 sunt
1387 1862 1431 1903 in
1466 1862 1609 1904 fronte

105 1927 177 1968 uel
215 1928 261 1969 in
294 1927 446 1978 cauda,
488 1929 664 1971 uidetur
705 1932 846 1971 omnis
890 1934 1043 1984 optata
1084 1930 1262 1972 licentia
1304 1931 1607 1985 concedenda3

104 1997 365 2051 pulcerrime
395 2002 542 2040 tamen
565 2012 610 2040 se
632 1999 797 2041 habent
819 1999 1069 2041 ultimorum
1093 2000 1332 2041 carminum
1355 2000 1607 2052 desinentie,
1629 2014 1664 2042 33

199 2091 220 2125 6
246 2092 367 2126 status
393 2091 435 2133 O,
462 2092 549 2128 stat'
582 2094 613 2127 T
711 2093 732 2127 8
756 2093 862 2129 iorno
891 2074 1002 2128 BET
1110 2074 1153 2129 18
1178 2095 1248 2129 hec
1275 2074 1310 2127 Β
1410 2074 1607 2137 1111061111-

104 2150 227 2183 tatum
253 2149 300 2189 Β,
326 2149 603 2185 incomutatum
628 2151 700 2185 CT
809 2154 853 2188 ‘20
879 2153 931 2188 sic
958 2154 1029 2187 CT
1137 2153 1180 2187 23
1207 2153 1267 2186 un'
1294 2152 1364 2186 CT
1462 2152 1505 2186 25
1533 2152 1607 2186 die-

103 2207 217 2243 resim
242 2207 381 2262 GT—
410 2210 454 2244 28
480 2222 593 2254 quam
618 2210 702 2253 CT,
730 2213 831 2257 quod
857 2214 891 2246 Β

197 2277 288 2312 ’7-8
317 2277 521 2313 cantionem
551 2280 709 2315 Arnaldi
735 2280 902 2315 Danielis
927 2280 1038 2315 edidit
1067 2280 1220 2322 (lunello,
1245 2280 1303 2314 La
1328 2280 1402 2314 vita
1419 2280 1483 2314 ele
1501 2289 1604 2322 opere

104 2334 142 2369 di
164 2336 212 2370 Α.
237 2335 287 2370 D.
313 2337 438 2381 (1883)
456 2348 497 2381 p,
525 2339 672 2372 117—8.

197 2394 219 2428 8
247 2394 373 2429 Cautio
409 2394 543 2430 Dantis
578 2400 772 2432 memorata
807 2407 923 2441 supra
956 2408 1032 2440 cap.
1059 2399 1105 2431 10
1131 2397 1229 2443 (pay.
1259 2397 1330 2441 59).

175 2452 287 2477 Dantis
306 2453 344 2478 de
362 2453 482 2484 vulgari
502 2454 693 2484 eloquentia.
1370 2446 1394 2485 5
