1876 2615
266 51 321 90 38
479 45 655 82 DANTIS
682 46 744 81 DE
770 45 983 81 VULGARI
1008 45 1317 88 ELOQUENTIA
1344 47 1358 81 Ι
1388 47 1533 82 18—19.

211 180 395 220 :aequam
438 165 633 219 principe
666 178 904 215 careamus,
954 163 1160 217 quoniam
1199 164 1363 206 curiam
1395 163 1617 216 habemus,
1665 163 1770 206 licet

267 235 555 290 corporaliter
587 235 641 276 sit
674 234 883 288 dispersa.

196 328 241 362 19
405 327 469 370 Oc
503 332 648 369 autem
679 326 874 380 uulgare,
923 326 1039 380 quod
1068 326 1250 378 illustre,
1299 326 1535 379 cardinale,
1584 328 1772 371 aulicum

434 402 475 439 et
498 397 661 439 curiale
684 401 903 438 ostensum
922 400 998 447 est,
1024 395 1204 438 dicimus
1222 410 1314 438 esse
1330 396 1440 438 illud
1457 397 1573 451 quod
1591 396 1771 451 uulgare

231 478 248 505 3
267 466 420 508 latium
444 466 705 521 appellatur.
769 466 885 508 Nam
907 467 1018 508 sicut
1042 466 1259 520 quoddam
1282 466 1465 521 uulgare
1488 471 1553 509 est
1573 467 1772 509 inuenire

268 536 383 589 quod
414 537 640 591 proprium
674 540 739 578 est
761 535 989 588 Cremone,
1024 537 1085 579 sic
1108 536 1328 591 quoddam
1351 541 1416 579 est
1436 537 1635 579 inuenire
1658 536 1774 591 quod

266 606 492 660 proprium
525 610 589 648 est
611 606 877 648 Lombardie
896 622 903 659 3
939 611 981 649 et
1013 609 1125 649 sicut
1147 611 1212 649 est
1234 607 1432 649 inuenire
1455 607 1634 660 aliquod
1657 607 1774 661 quod

230 688 248 715 6
268 676 323 718 sit
354 677 578 731 proprium
599 675 880 727 Lombardie,
914 681 979 719 est
999 677 1196 719 inuenire
1224 676 1402 731 aliquod
1427 676 1542 731 quod
1564 678 1619 719 sit
1640 677 1774 720 totius

270 746 444 788 sinistre
476 746 629 788 Ytalie
661 747 905 801 proprium;
956 751 999 789 et
1031 748 1142 789 sicut
1176 748 1322 789 omnia
1352 747 1432 789 hec
1466 751 1530 789 est
1561 747 1774 798 inuenire,

269 817 330 858 sic
354 821 395 858 et
416 816 525 858 illud
549 816 665 870 quod
686 817 823 858 totius
846 817 998 859 Ytalie
1022 821 1098 860 est.
1132 817 1192 859 Et
1215 817 1326 859 sicut
1347 816 1457 858 illud
1480 830 1774 869 cremonense,

231 897 249 924 9
271 901 321 928 ac
352 887 462 928 illud
493 886 781 938 lombardum,
815 891 857 929 et
888 888 1066 930 tertium
1087 887 1347 930 semilatium
1371 887 1543 938 dieitur,
1576 887 1637 929 sic
1658 886 1777 929 istud

271 956 386 1010 quod
416 957 551 999 totius
574 957 725 999 Ytalie
759 961 836 1008 est,
869 957 1024 999 latium
1055 958 1237 1011 uulgare
1270 961 1467 999 uocatur.
1530 957 1631 1000 Hoc
1664 958 1777 999 enim

270 1027 337 1068 usi
383 1032 484 1069 sunt
531 1026 732 1070 doctores
764 1027 957 1070 illustres
990 1029 1063 1082 qui
1094 1028 1245 1083 lingua
1277 1028 1450 1082 uulgari
1482 1027 1650 1082 poetati
1676 1032 1778 1069 sunt

219 1096 314 1137 1211]
348 1097 515 1148 Ytalia,
560 1102 609 1139 ut
641 1096 790 1149 Siculi,
830 1097 981 1152 Apuli,
1016 1098 1162 1148 Tusci,
1196 1097 1489 1149 Romandioli‚
1538 1097 1778 1140 Lombardi

271 1171 314 1207 et
362 1168 586 1221 utriusque
618 1167 818 1210 Marchie
865 1169 961 1211 uiri.
1031 1169 1090 1210 Et
1138 1169 1239 1222 quia
1285 1168 1470 1210 intentio
1516 1171 1682 1218 nostra,
1730 1171 1777 1209 ut

270 1236 454 1290 polliciti
487 1252 633 1279 sumus
665 1238 709 1279 in
740 1239 956 1293 principio
988 1238 1115 1281 huius
1148 1239 1304 1293 operis,
1351 1243 1415 1280 est
1447 1238 1692 1280 doctrinam
1725 1237 1778 1280 de

216 1317 249 1345 15
274 1306 447 1360 uulgari
479 1307 729 1361 eloquentia
760 1308 949 1359 tradere,
983 1309 1038 1350 ab
1070 1309 1164 1363 ipso
1197 1314 1406 1362 tanquam
1429 1307 1485 1350 ab
1508 1307 1777 1349 excellentis-

271 1376 378 1418 simo
410 1377 682 1431 incipientes,
717 1391 825 1431 quos
855 1382 1061 1432 putamus
1092 1379 1187 1432 ipso
1222 1377 1375 1432 dignos
1406 1377 1483 1429 uti,
1527 1381 1570 1419 et
1598 1380 1779 1432 propter

271 1446 388 1500 quid,
437 1451 479 1488 et
527 1447 757 1501 quomodo,
803 1462 885 1490 nec
928 1463 1016 1491 non
1063 1449 1150 1499 ubi,
1201 1453 1243 1490 et
1275 1447 1462 1502 quando,
1510 1451 1552 1489 et
1583 1447 1640 1490 ad
1672 1461 1778 1501 quos

220 1525 253 1553 18
272 1517 414 1571 ipsum
471 1516 745 1571 dirigendum
792 1519 868 1567 sit,
924 1519 970 1559 in
1016 1518 1265 1560 inmediatis
1307 1518 1430 1560 libris
1476 1516 1776 1560 tractabimus.

274 1585 442 1640 Quibus
474 1587 730 1630 illuminatis
761 1587 973 1630 inferiora
1004 1588 1205 1642 uulgaria
1236 1588 1484 1629 illuminare
1517 1586 1777 1637 curabimus,

274 1656 491 1709 gradatim
532 1656 846 1700 descendentes
890 1658 946 1700 ad
991 1658 1101 1701 illud
1144 1658 1260 1712 quod
1292 1658 1421 1700 unius
1451 1657 1583 1700 solius
1612 1655 1779 1699 familie

220 1734 253 1762 21
274 1728 499 1780 proprium
531 1732 606 1769 est.

367 1842 410 1876 37
439 1842 610 1887 dispersa
636 1843 685 1878 sit
717 1846 749 1878 Β
902 1859 907 1863 ·

368 1901 413 1935 19
442 1901 531 1934 1-2
558 1901 721 1936 aulicum
749 1905 804 1937 est
832 1905 869 1937 et
896 1903 966 1937 CT
1065 1904 1085 1938 3
1112 1903 1206 1937 latin
1226 1903 1257 1937 C
1354 1903 1377 1937 4
1403 1901 1501 1936 sicut
1526 1901 1562 1935 Β
1660 1903 1679 1935 5
1705 1899 1780 1945 pri-

275 1971 377 1993 mum
405 1959 474 1993 CT
550 1959 658 2005 sicut]
687 1960 742 1995 sic
767 1961 798 1995 C
896 1962 987 1996 5—6
1014 1961 1328 1996 et—Lombardie
1353 1960 1460 1995 omT
1557 1959 1577 1993 6
1604 1958 1666 2003 sit]
1694 1958 1726 1992 si
1748 1957 1778 1991 C

275 2018 294 2051 7
321 2016 516 2063 proprium
541 2018 647 2055 om.B
783 2020 804 2054 8
830 2018 878 2054 Et
904 2030 970 2054 om.
987 2020 1023 2053 B
1169 2020 1211 2055 10
1236 2019 1399 2054 latinum
1428 2019 1499 2052 GT
1648 2015 1690 2050 17
1715 2015 1782 2050 ubi

275 2076 425 2120 quando
454 2077 525 2111 CT
653 2077 694 2112 18
721 2077 770 2112 sit
795 2076 833 2111 in
855 2079 860 2123 Ι
883 2078 1059 2112 mediatis
1089 2079 1123 2111 Β
1249 2079 1293 2114 20
1319 2078 1610 2112 descendentem
1636 2075 1708 2110 CT
