1876 2615
239 84 292 121 5ss
521 79 690 114 liANTis
716 80 779 114 Db:
808 80 1017 114 VL'MJARI
1048 79 1357 121 ELOQUENTIA
1386 81 1415 115 H
1443 81 1474 115 8.

190 208 212 240 8
349 208 582 262 Reparatis
614 207 800 249 fustibus
847 208 1161 261 torquibusque
1196 208 1249 248 ad
1284 208 1458 260 fascem,
1507 224 1623 251 nunc
1656 210 1743 251 fas-

377 278 520 319 ciandi
568 282 736 332 tempus
784 279 1008 319 incumbit.
1072 278 1158 320 Sed
1193 278 1294 331 quia
1339 279 1568 320 cuiuslibet
1601 280 1745 333 operis

203 367 218 387 ;;
239 348 428 400 cognitio
473 347 707 401 procedere
752 347 879 388 debet
927 348 1242 400 operationem,
1286 348 1407 390 uelut
1438 350 1607 402 signum
1641 355 1743 390 ante

238 416 541 458 admissionem
592 418 749 470 sagitte
782 417 851 457 uel
884 416 1028 467 iaculi,
1072 418 1212 470 primo
1247 422 1289 459 et
1321 419 1622 472 principaliter
1668 420 1742 473 qui

236 487 289 527 sit
322 488 402 528 iste
437 487 566 528 fascis
600 502 725 540 quem
759 486 944 528 fasciare
976 487 1255 539 intendimus,
1289 488 1528 530 uideamus.
1592 489 1746 530 Fascis

199 575 216 602 ι)
236 557 367 609 igitur
398 557 491 607 iste,
537 557 569 597 si
606 557 715 598 benc
749 557 1115 598 comminiscimur
1147 559 1291 599 onmia
1323 558 1552 612 prelibata,
1596 559 1743 600 cantio

236 631 311 667 est.
376 626 660 681 Quapropter
693 626 796 680 quid
829 627 884 667 sit
918 626 1062 668 cantio
1098 627 1335 679 uideamus,
1373 632 1415 670 et
1448 628 1550 681 quid
1582 629 1743 670 intelli-

234 697 386 749 gimus,
423 711 518 738 cum
552 697 733 738 dicimus
767 697 1027 738 cantionem.
1093 697 1175 738 Est
1198 699 1310 739 enim
1336 698 1481 739 cantio
1506 698 1742 740 secundum

198 786 214 808 ει
236 780 388 808 uerum
435 767 622 808 nominis
655 767 947 821 significatum
979 767 1071 820 ipse
1105 768 1291 809 canendi
1325 773 1448 810 actus
1480 768 1551 810 uel
1582 770 1744 823 passio,

235 837 346 878 sicut
377 837 506 878 lectio
540 838 687 891 passio
710 837 781 878 uel
805 841 927 878 actus
951 837 1136 890 legendi.
1200 837 1287 880 Sed
1313 838 1603 880 diuaricemus
1628 839 1744 892 quod

233 907 394 948 dictum
428 911 504 958 est,
550 912 694 949 utrum
727 907 931 948 uidelicet
963 907 1042 948 hec
1075 908 1130 949 sit
1162 908 1306 948 cantio
1340 912 1471 962 prout
1504 912 1567 949 est
1600 913 1742 960 actus,

183 992 213 1019 12
235 977 305 1018 uel
344 983 475 1031 prout
518 982 582 1018 est
624 978 782 1031 passio.
848 976 977 1019 Circa
1016 977 1098 1019 hoc
1131 978 1497 1019 considerandum
1532 983 1596 1019 est
1628 979 1743 1031 quod

239 1048 383 1088 cantio
418 1047 652 1101 dupliciter
686 1047 824 1101 accipi
857 1051 1014 1101 potest.
1080 1047 1179 1089 Vno
1212 1048 1342 1089 modo
1367 1048 1604 1089 secundum
1629 1049 1743 1101 quod

234 1117 477 1158 fabricatur
525 1118 578 1158 ab
625 1122 804 1158 auctore
837 1131 927 1168 suo,
974 1121 1016 1158 et
1049 1117 1110 1158 sic
1142 1122 1208 1159 est
1239 1118 1376 1170 actio3
1428 1123 1469 1159 et
1503 1118 1740 1160 secundum

184 1202 213 1229 ι.)
233 1188 361 1228 istum
420 1187 593 1228 modum
643 1187 854 1240 Virgilius
910 1188 1049 1240 primo
1099 1186 1365 1228 Eneidorum
1415 1187 1538 1237 dicit,
1585 1188 1744 1230 ‘Arina

233 1259 461 1310 uirumque
506 1257 643 1298 cano’.
723 1257 827 1297 Alio
882 1257 1010 1298 modo
1068 1258 1305 1299 secundum
1361 1257 1476 1310 quod
1523 1257 1744 1300 fabricata

232 1327 454 1381 profertur
497 1327 567 1368 uel
610 1327 663 1368 ab
706 1331 898 1377 auctore,
944 1327 1013 1369 uel
1047 1328 1101 1368 ab
1136 1327 1221 1368 alio
1255 1327 1502 1380 quicunque
1535 1328 1604 1377 sit,
1649 1328 1741 1369 siue

181 1411 212 1437 is
233 1412 328 1439 cum
376 1397 471 1438 soni
517 1397 815 1439 modulatione
862 1397 1127 1450 proferatur,
1178 1398 1268 1438 siue
1313 1411 1424 1449 non3
1476 1402 1518 1438 et
1565 1398 1627 1439 sic
1676 1403 1743 1440 est

230 1467 388 1522 passio.
452 1466 567 1508 Nam
615 1471 721 1508 tunc
768 1468 924 1519 agitur,
974 1468 1104 1509 modo
1151 1482 1254 1508 uero
1303 1481 1432 1521 agere
1480 1467 1654 1509 uidetur
1695 1469 1739 1510 in

232 1530 382 1587 alium,
433 1542 474 1578 et
521 1537 582 1578 sic
627 1541 732 1578 tunc
781 1538 964 1579 alicuius
1012 1538 1152 1588 actio,
1200 1537 1329 1579 modo
1379 1552 1549 1592 quoque
1595 1538 1741 1592 passio

179 1620 210 1648 ει
233 1607 414 1649 alicuius
461 1606 648 1649 uidetur.
712 1607 772 1649 Et
818 1608 919 1660 quia
966 1608 1086 1661 prius
1135 1608 1280 1661 agitur
1322 1608 1418 1662 ipsa
1464 1622 1593 1661 quam
1626 1612 1742 1662 agat,

231 1678 381 1731 magis,
414 1678 498 1719 imo
527 1692 721 1732 prorsus,
757 1678 1031 1719 denominari
1064 1678 1239 1719 uidetur
1271 1678 1325 1719 ab
1360 1692 1409 1719 eo
1443 1677 1560 1731 quod
1583 1678 1741 1731 agitur,

232 1753 274 1789 et
295 1752 359 1790 est
383 1748 496 1789 actio
517 1748 713 1799 alicuius,
748 1762 877 1801 quam
901 1748 955 1789 ab
980 1762 1029 1789 eo
1055 1748 1171 1801 quod
1196 1749 1287 1802 agit
1309 1748 1352 1789 in
1377 1747 1499 1789 alios.
1560 1747 1742 1801 Signum

178 1832 207 1858 2:
233 1823 376 1860 autem
422 1817 547 1859 huius
581 1822 646 1860 est
689 1818 805 1871 quod
853 1832 1077 1871 nunquam
1111 1818 1307 1868 dicimus,
1350 1818 1465 1859 ‘Hec
1497 1821 1562 1859 est
1595 1818 1740 1859 cantio

231 1887 376 1938 Petri'‚
426 1902 475 1930 eo
521 1888 637 1942 quod
679 1889 818 1942 ipsam
858 1888 1070 1941 proferat,
1116 1888 1191 1929 sed
1224 1902 1274 1929 eo
1308 1887 1423 1941 quod
1457 1886 1742 1929 fabricauerit

231 1959 363 2002 illam.
435 1959 648 2000 Preterea
696 1958 996 2000 disserendum
1045 1963 1131 2008 est,
1180 1963 1326 1999 utrum
1375 1958 1521 2000 cantio
1569 1957 1742 1999 dicatur

177 2040 210 2068 Ξῖ
232 2029 465 2071 fabricatio
512 2029 745 2071 uerborum
792 2029 1184 2080 armonizatorum,
1231 2028 1301 2069 uel
1347 2029 1443 2082 ipsa
1484 2027 1739 2069 modulatio.

232 2100 305 2141 Ad
341 2099 457 2153 quod
489 2099 684 2150 dicimus,
719 2098 833 2152 quod
867 2112 1091 2152 nunquam
1123 2098 1364 2140 modulatio
1398 2098 1557 2139 dicitur
1580 2097 1738 2148 cantio,

324 2205 347 2238 8
384 2205 400 2238 1
428 2205 567 2239 fastam
593 2204 664 2238 CT
809 2204 829 2236 2
855 2205 920 2249 tpr
945 2202 1017 2236 CT
1170 2204 1190 2237 3
1217 2203 1322 2237 uelut
1350 2205 1396 2244 Β,
1430 2201 1508 2236 l'nd
1535 2201 1577 2243 C,
1606 2200 1686 2235 ill'd
1705 2200 1738 2233 T

231 2264 254 2296 4
273 2262 516 2298 amissionem
535 2263 684 2309 sagipte
699 2263 734 2296 Β
809 2263 829 2296 5
843 2261 951 2297 fastis
966 2262 1037 2296 CT
1101 2264 1121 2297 6
1136 2261 1208 2296 iste
1227 2260 1391 2306 igiturB
1460 2260 1501 2294 12
1519 2259 1567 2295 Et
1585 2259 1686 2294 circa
1700 2259 1736 2292 B

236 2322 275 2355 15
296 2331 374 2355 ene.
396 2321 507 2355 BCT
620 2322 661 2356 16
687 2321 873 2356 fabricat*
888 2319 959 2354 CT
1068 2320 1114 2355 22
1131 2320 1245 2355 immo
1266 2319 1378 2354 BCT
1476 2319 1520 2353 24
1539 2319 1597 2352 est
1613 2328 1678 2352 om.
1698 2319 1735 2351 B

233 2380 278 2413 26
305 2379 573 2415 desserendum
587 2379 659 2414 CT
780 2381 824 2415 29
849 2381 989 2415 thonus
1010 2380 1041 2413 Β
1162 2379 1205 2413 30
1231 2378 1386 2413 tubicen
1404 2377 1476 2412 CT
