1876 2615
260 106 311 142 10
500 102 673 136 DANTIS
700 101 762 136 DE
790 102 1001 137 VULGARI
1029 102 1339 145 ELOQUENTIA
1363 105 1378 138 Ι
1409 105 1505 139 1-2,

208 230 238 258 18
258 233 387 272 quam
421 220 511 260 sine
545 220 662 260 omni
696 219 847 271 regula
880 220 1093 261 nutricem
1124 221 1345 262 imitantes
1369 223 1616 276 accipimus.
1682 224 1763 265 Est

256 295 296 331 et
344 289 444 330 inde
477 289 564 330 alia
596 289 757 330 locutio
797 289 1059 330 secundaria
1091 290 1229 339 nobis,
1280 305 1409 343 quam
1443 292 1631 334 Romani
1663 308 1760 347 gra-

255 360 459 400 maticam
506 362 793 400 uocauerunt.
874 359 1004 399 Hanc
1053 359 1224 412 quidem
1274 361 1580 403 secundariam
1631 362 1762 405 Greci

199 445 234 472 21
256 429 420 470 habent
466 434 507 469 et
554 428 639 477 alii,
691 429 769 469 sed
814 442 902 470 non
936 442 1097 469 omnes.
1163 429 1236 469 Ad
1268 429 1464 472 habitum
1498 446 1602 473 uero
1635 433 1762 474 huius

256 499 383 552 pauci
423 499 698 551 perueniunt,
750 499 852 551 quia
895 512 981 539 non
1023 498 1109 539 nisi
1147 512 1224 551 per
1257 501 1446 553 spatium
1480 503 1688 556 temporis
1721 510 1763 545 et

258 569 389 609 studii
413 568 715 609 assiduitatem
740 568 990 621 regulamur
1014 572 1055 609 et
1079 569 1378 611 doctrinamur
1400 571 1443 611 in
1466 571 1556 613 illa.
1591 572 1764 614 Harum

201 654 237 682 24
258 652 429 691 quoque
463 637 647 679 duarum
678 639 867 680 nobilior
900 643 964 680 est
996 638 1205 691 uulgaris,
1252 643 1344 680 tum
1378 641 1479 694 quia
1511 642 1652 695 prima
1683 643 1765 685 fuit

256 708 445 749 humano
479 709 627 761 generi
656 710 831 758 usitata,
866 713 957 750 tum
990 710 1092 762 quia
1113 713 1231 750 totus
1255 710 1371 751 orbis
1393 711 1489 764 ipsa
1511 711 1763 765 perfruitur,

256 778 358 819 licet
402 779 443 819 in
489 778 685 819 diuersas
729 779 998 832 prolationes
1043 782 1084 820 et
1128 779 1344 821 uocabula
1384 781 1440 822 sit
1475 782 1629 833 diuisa,
1674 787 1765 824 tum

202 864 236 891 27
259 849 360 902 quia
392 849 608 889 naturalis
643 853 707 890 est
740 849 875 900 nobis⁷
912 863 1008 890 cum
1040 849 1116 890 illa
1149 850 1293 902 potius
1326 851 1569 893 artificialis
1593 853 1763 895 existat.

257 919 317 959 Et
349 919 404 960 de
435 919 518 960 hac
550 918 754 960 nobiliori
787 926 938 960 nostra
971 923 1038 960 est
1069 919 1254 960 intentio
1286 925 1574 973 pertractare.

207 1010 230 1044 2
396 1012 459 1053 Ec
506 1017 570 1054 est
617 1019 770 1055 nostra
803 1028 909 1055 uera
947 1015 1089 1068 prima
1136 1014 1322 1066 locutio;
1370 1030 1457 1057 non
1491 1015 1587 1057 dico
1620 1021 1766 1057 autem

413 1083 607 1133 ‘nostra'‚
633 1089 681 1125 ut
704 1089 746 1125 et
769 1084 899 1125 aliam
922 1085 977 1125 sit
1000 1098 1091 1125 esse
1114 1084 1381 1126 locutionem
1405 1099 1536 1138 quam
1558 1085 1765 1137 hominis3

220 1171 237 1199 3
258 1165 358 1193 nam
392 1166 541 1193 eorum
575 1167 657 1206 que
691 1159 792 1195 sunt
823 1155 1014 1195 omnium
1046 1154 1125 1195 soli
1158 1154 1321 1196 homini
1355 1155 1505 1196 datum
1539 1159 1603 1196 est
1634 1155 1765 1208 loqui,

256 1236 353 1263 cum
385 1222 522 1263 solum
559 1224 641 1264 sibi
685 1225 981 1265 necessarium
1014 1223 1158 1265 fuerit.
1224 1224 1325 1266 Non
1361 1225 1541 1278 angelis,
1584 1239 1671 1266 non
1703 1226 1766 1266 in-

256 1291 489 1334 ferioribus
541 1294 803 1335 animalibus
844 1295 1136 1335 necessarium
1177 1293 1260 1335 fuit
1292 1295 1431 1347 loqui:
1481 1294 1557 1335 sed
1589 1295 1767 1348 nequic-

219 1381 237 1408 6
257 1377 386 1415 quam
421 1364 569 1405 datum
604 1364 757 1406 fuisset
790 1366 873 1414 eis;
909 1365 1025 1418 quod
1047 1378 1202 1418 nempe
1226 1363 1372 1406 facere
1396 1369 1557 1406 natura
1579 1365 1768 1407 aborret.

256 1431 303 1474 Si
338 1435 492 1474 etenim
540 1435 854 1488 perspicaciter
897 1434 1238 1485 consideramus,
1284 1434 1387 1488 quid
1422 1448 1519 1476 cum
1553 1434 1770 1488 loquimur

255 1503 546 1554 intendamus,
597 1509 718 1558 patet
762 1504 879 1560 quod
922 1505 1056 1546 nichil
1103 1505 1221 1546 aliud
1269 1519 1398 1558 quam
1431 1510 1582 1546 nostre
1614 1505 1768 1547 mentis

219 1591 236 1616 ε,
257 1576 487 1615 enucleare
520 1574 617 1616 aliis
643 1580 915 1628 conceptum.
980 1574 1089 1617 Cum
1111 1575 1244 1628 igitur
1266 1575 1409 1629 angeli
1434 1575 1489 1617 ad
1512 1575 1769 1630 pandendas

256 1644 468 1697 gloriosas
502 1659 651 1686 eorum
688 1646 996 1698 conceptiones
1030 1645 1224 1687 habeant
1245 1646 1616 1699 promptissimam
1640 1650 1770 1698 atque

255 1713 521 1755 ineffabilem
567 1715 876 1755 sufficientiam
924 1715 1185 1764 intellectus,
1233 1729 1319 1768 qua
1367 1714 1437 1756 uel
1483 1715 1594 1756 alter
1642 1715 1769 1756 alteri

205 1799 237 1828 12
256 1783 453 1825 totaliter
474 1785 711 1825 innotescit
733 1798 811 1837 per
834 1798 891 1834 se,
915 1784 986 1825 uel
1009 1784 1154 1825 saltim
1176 1798 1255 1837 per
1276 1784 1385 1825 illud
1403 1784 1768 1837 fulgentissimum

256 1854 491 1908 speculum,
543 1856 586 1895 in
632 1868 718 1907 quo
764 1855 909 1895 cuncti
941 1858 1304 1907 representantur
1351 1855 1603 1907 pulcerrimi
1637 1860 1768 1908 atque

257 1924 497 1965 auidissimi
542 1924 846 1978 speculantur,
898 1924 1018 1965 nullo
1069 1925 1192 1977 signo
1242 1924 1474 1965 locutionis
1531 1924 1769 1978 indiguisse

209 2013 241 2039 ιτ)
260 1994 480 2037 uidentur.
545 1994 604 2036 Et
636 1995 671 2036 si
704 1994 919 2036 obiciatur
952 1994 1004 2036 de
1035 1994 1117 2035 hiis
1152 1995 1225 2048 qui
1248 1998 1510 2035 corruerunt
1531 1994 1769 2048 spiritibus,

354 2113 399 2147 ΞΟ
428 2113 516 2146 hinc
543 2112 608 2146 CT
700 2112 744 2145 22
773 2112 942 2156 spacium
972 2111 1038 2145 CT
1130 2111 1245 2145 23--4
1271 2112 1404 2146 harum
1431 2122 1591 2155 quorum
1609 2111 1646 2145 d·
1673 2111 1775 2155 (Off

262 2170 305 2203 24
331 2171 371 2203 tn
403 2169 469 2204 CT
609 2170 654 2204 26
682 2170 759 2205 sint
784 2170 884 2214 (Off

353 2228 374 2262 2
400 2229 421 2261 ⁴2
447 2229 484 2262 et
509 2239 575 2262 om.
596 2228 660 2262 GT
718 2230 740 2262 4
764 2228 837 2263 fuit
867 2228 931 2262 GT
987 2228 1076 2262 6—7
1105 2228 1284 2262 abhorret
1301 2228 1332 2261 si
1351 2230 1388 2262 et
1407 2228 1504 2261 enim
1526 2228 1691 2271 prospic-
1712 2227 1767 2262 G]

259 2287 279 2320 9
306 2285 527 2331 pandendas
556 2286 658 2331 (G)T
777 2287 818 2321 11
847 2286 1045 2321 infabilem
1074 2287 1106 2322 B
1224 2286 1266 2320 13
1294 2285 1492 2331 pulcerimi
1519 2285 1623 2320 BCT

270 2346 310 2379 15
337 2345 490 2379 corrues·
509 2344 575 2379 CT

355 2427 375 2460 6
402 2406 447 2470 ej.
475 2436 502 2460 e.
527 2407 560 2471 9⁷.
589 2426 706 2460 Arist.
735 2426 813 2461 Pol.
844 2429 872 2470 1,
897 2428 931 2466 2,
949 2427 1008 2469 10,
1033 2428 1166 2461 1253α
1193 2429 1250 2461 10.
