1876 2615
212 27 268 66 46
490 24 664 60 DANTIS
690 25 753 60 DE
780 25 996 61 VULGARI
1023 26 1332 69 ELOQUENTIA
1356 28 1390 62 ΙΙ
1415 30 1448 63 4.

165 146 188 179 4
321 141 480 186 Vando
526 143 698 197 quidem
732 144 1027 198 aporiauimus
1060 145 1322 187 extricantes
1356 146 1427 199 qui
1455 147 1541 188 sint
1578 147 1720 190 aulico

218 146 314 274 Q
350 214 468 267 digni
515 213 688 267 uulgari
735 218 778 256 et
818 228 913 268 que,
961 229 1041 256 1100
1085 229 1173 257 11011
1214 215 1390 258 111οᾶ11111
1436 231 1561 271 quem
1594 221 1718 260 tanto

176 297 192 324 3
213 284 444 338 dignamur
475 283 641 325 honore
674 288 722 326 ut
745 285 861 327 solus
884 285 1094 327 altissimo
1116 286 1291 339 uulgari
1314 287 1559 339 conueniat,
1595 292 1718 330 ante-

212 369 341 408 quam
387 355 621 408 migremus
668 355 723 396 ad
771 355 871 406 alia,
919 354 1094 396 modum
1137 356 1404 408 cantionum,
1453 371 1580 410 quem
1613 371 1717 399 casu

210 426 346 478 magis
380 439 509 478 quam
544 429 637 466 arte
670 425 796 466 multi
828 439 1041 478 usurpare
1074 425 1292 476 uidentur,
1328 426 1628 480 enucleemus;
1675 432 1718 470 et

172 513 188 539 c
210 496 281 549 qui
303 495 528 548 hucusque
550 494 785 536 casualiter
803 498 867 535 est
885 498 1146 549 assumptus,
1170 495 1287 537 illius
1304 497 1411 538 artis
1430 498 1717 550 ergasterium

207 578 463 615 reseremus,
495 563 671 606 modum
705 564 969 606 ballatarum
1001 569 1044 606 et
1076 565 1294 607 sonituum
1318 567 1580 618 omittentes,
1614 568 1717 621 quia

206 635 329 677 illum
362 634 583 676 elucidare
615 633 880 676 intendimus
912 634 957 675 in
990 639 1148 687 quarto
1180 635 1307 677 huius
1341 636 1499 690 operiS,
1533 651 1628 679 cum
1662 638 1715 681 de

170 721 186 748 ⁴4·
207 705 417 748 mediocri
463 704 636 759 uulgari
684 704 985 746 tractabimus.
1048 704 1308 748 Reuisentes
1354 707 1487 760 igitur
1534 722 1585 750 ea
1633 722 1715 762 que

207 777 324 818 dicta
366 779 480 826 sunt,
524 775 756 817 recolimus
801 789 881 817 nos
921 788 993 817 eos
1027 775 1101 828 qui
1131 776 1374 829 uulgariter
1405 777 1714 821 uersificantur

203 847 446 901 plerunque
478 859 661 887 uocasse
692 850 869 900 poetas,
905 845 1021 898 quod
1052 845 1206 899 procul
1238 846 1370 889 dubio
1392 847 1715 891 rationabiliter

153 931 185 959 12
205 921 406 959 eructare
437 916 792 970 presumpsimus,
827 916 928 969 quia
960 929 1140 970 prorsus
1172 920 1301 970 poete
1333 921 1446 969 sunt,
1481 918 1516 959 si
1547 919 1713 972 poesim

203 991 321 1030 recte
345 986 683 1037 consideremus,
708 1000 791 1040 que
813 985 947 1027 nichil
971 985 1091 1028 aliud
1113 990 1177 1028 est
1200 1000 1329 1040 quam
1351 986 1469 1029 fictio
1492 988 1714 1032 rethorica

202 1058 452 1110 musicaque
499 1057 632 1111 poita.
695 1054 921 1097 Differunt
967 1059 1114 1097 tamen
1153 1069 1178 1097 a
1210 1057 1379 1110 magnis
1427 1057 1580 1111 poetis,
1628 1057 1712 1100 hoc

152 1142 183 1169 15
204 1132 268 1170 est
290 1127 578 1181 regularibus,
613 1126 716 1180 quia
747 1127 895 1180 magni
927 1139 1127 1167 sermone
1149 1130 1191 1168 et
1214 1130 1308 1168 arte
1331 1127 1522 1180 regulari
1544 1128 1711 1182 poetati

201 1203 315 1249 sunt,
364 1197 425 1238 hii
472 1211 577 1238 uero
626 1210 743 1247 casn,
791 1200 840 1238 ut
887 1196 1051 1238 dictum
1097 1202 1174 1238 est.
1236 1196 1410 1238 Idcirco
1455 1198 1615 1240 accidit
1646 1203 1710 1250 ut,

201 1272 410 1322 quantum
444 1267 542 1308 illos
564 1266 803 1321 proximius
824 1266 1057 1318 imitemur,
1091 1270 1262 1309 tantum
1285 1267 1446 1308 rectius
1469 1271 1708 1321 poetemur.

147 1352 181 1378 is
200 1339 330 1381 Vnde
377 1352 458 1379 nos
506 1337 705 1378 doctrine
748 1337 869 1390 operi
910 1337 1204 1387 intendentes,
1255 1336 1527 1379 doctrinatas
1560 1352 1709 1380 eorum

198 1408 390 1463 poetrias
424 1407 607 1449 emulari
639 1410 826 1460 oportet.
889 1407 1012 1448 Ante
1045 1407 1191 1449 omnia
1224 1421 1325 1460 ergo
1350 1406 1532 1449 dicimus
1554 1422 1708 1450 unum-

199 1492 400 1532 quenque
433 1477 592 1519 debere
624 1477 808 1518 materie
839 1476 1011 1530 pondus
1042 1477 1231 1531 propriis
1263 1476 1453 1519 humeris
1477 1491 1706 1532 coequare,

144 1561 252 1590 21110
285 1549 399 1591 forte
430 1548 710 1589 humerorum
742 1547 876 1589 nimio
908 1552 1096 1601 grauata
1126 1548 1289 1588 uirtute
1319 1547 1365 1588 in
1394 1560 1547 1588 cenum
1570 1549 1707 1602 cespi-

196 1623 293 1660 tare
340 1632 515 1660 necesse
560 1619 628 1661 sit.
692 1618 794 1660 Hoc
843 1622 908 1659 est
949 1617 1065 1671 quod
1104 1618 1312 1671 magister
1343 1620 1493 1659 noster
1525 1616 1706 1660 Oratius

197 1689 395 1743 precipit,
442 1703 538 1730 cum
576 1689 621 1729 in
653 1688 869 1742 principio
902 1688 1070 1741 poetrie
1100 1686 1281 1729 ‘Sumite
1313 1687 1554 1729 materiam'
1587 1687 1705 1730 dicit.

143 1772 176 1799 24
197 1759 368 1801 Deinde
401 1759 445 1800 in
478 1759 560 1800 hiis
593 1772 675 1812 que
717 1757 904 1799 dicenda
936 1762 1172 1799 occurrunt
1205 1757 1410 1799 debemus
1443 1757 1705 1799 discretione

194 1829 339 1883 potiri,
363 1833 508 1870 utrum
531 1828 710 1882 tragice,
736 1828 827 1869 siue
850 1827 1025 1877 comice,
1055 1827 1146 1868 siue
1170 1826 1359 1880 elegiace
1382 1827 1469 1868 sint
1492 1826 1703 1869 canenda.

288 1946 311 1980 4
338 1946 354 1979 1
384 1945 639 1990 apotiauimus
667 1946 871 1978 exn-ieates
899 1944 963 1988 qui
990 1944 1086 1979 sicut
1112 1944 1183 1977 CT
1425 1944 1446 1977 2
1471 1944 1604 1978 modus
1630 1943 1702 1977 CT

194 2004 217 2038 4
232 2004 417 2049 migemus
439 2004 473 2036 Β
519 2004 723 2037 cantonum
742 2013 814 2047 que
825 2000 892 2036 GT
966 2004 986 2037 5
1005 2003 1246 2037 enucleamus
1268 2002 1378 2036 BCT
1456 2002 1500 2036 14
1516 2001 1703 2046 Tusfcallq3

194 2064 301 2107 porta
327 2063 370 2104 C,
409 2071 422 2096 ῑ
458 2062 563 2096 nsica
589 2072 630 2107 ῳ,
664 2062 791 2106 posita
820 2061 865 2102 T,
904 2062 1046 2096 musice
1083 2061 1294 2107 composita
1319 2063 1356 2096 R
1478 2061 1520 2095 15
1556 2059 1701 2104 magni]

193 2130 294 2177 mag¹
313 2132 361 2172 B,
382 2123 470 2177 mag
488 2132 531 2173 C,
550 2131 671 2176 magis
696 2132 728 2165 T
826 2133 865 2166 17
887 2134 1030 2176 quanto
1051 2133 1086 2165 B
1133 2131 1327 2177 proximus
1345 2130 1575 2165 immitemur
1594 2126 1700 2164 BCT

196 2191 237 2225 18
263 2190 526 2235 impendentes
554 2190 746 2225 doctrinas
772 2191 840 2225 CT
940 2191 983 2225 25
1012 2190 1181 2224 canenda
1207 2189 1279 2223 CT

285 2274 329 2307 23
355 2273 505 2307 Horatii
529 2283 590 2308 ars
611 2273 751 2318 poetica
778 2275 829 2308 38
855 2272 998 2308 Sumite
1024 2272 1224 2307 materiam
1250 2271 1399 2313 vestris,
1428 2271 1492 2315 qui
1521 2270 1700 2314 scribitis,

193 2342 352 2376 aequam
379 2330 541 2366 Viribus.
