1876 2615
361 83 536 118 DANTIS
562 82 624 117 DE
650 81 867 116 VULGARI
892 80 1202 122 ELOQUENTIA
1228 81 1243 115 Ι
1271 81 1416 115 11—12.
1583 82 1636 120 27

135 197 308 243 ,Sardos
355 196 497 246 etiam,
542 195 615 249 qui
661 209 749 237 non
781 195 899 236 Latii
947 200 1061 245 sunt,
1109 195 1184 236 sed
1220 195 1357 237 Latiis
1396 198 1641 239 associandi
1661 206 1694 233 Ξῖ

141 268 360 317 uidentur,
394 265 613 316 eiciamus,
662 264 867 318 quoniam
899 264 978 306 soli
1011 265 1103 306 sine
1135 266 1311 318 proprio
1345 265 1517 319 uulgari
1550 281 1642 308 esse

142 338 360 388 uidentur,
408 336 693 390 gramaticam
739 338 951 388 tanquam
999 334 1120 375 simie
1165 334 1361 375 homines
1399 335 1638 386 imitantes3

141 423 246 451 nam
275 409 424 450 domus
455 420 568 449 noua
600 409 642 447 et
673 405 870 447 dominus
902 418 1020 446 meus
1052 403 1268 445 locuntur.
1664 414 1698 440 :20

254 511 493 553 Xaceratis
525 508 845 564 quodammodo
868 508 1123 562 uulgaribus
1154 509 1295 563 ytalis,
1329 509 1443 550 inter
1476 523 1526 550 ea
1560 523 1641 562 que
1669 511 1712 545 l?-

273 584 577 624 remanserunt
594 580 639 621 in
657 580 800 621 cribro
819 579 1190 632 comparationem
1207 579 1430 630 facientes,
1454 579 1642 621 honora-

142 652 271 694 bilius
316 655 446 705 atque
488 649 847 691 honorificentius
878 648 1071 690 breuiter
1103 648 1347 702 seligamus.
1412 650 1472 690 Et
1504 650 1642 703 primo
1664 665 1679 690 :J

143 723 197 765 de
229 722 425 765 siciliano
457 720 749 762 examinemus
781 718 1022 772 ingenium3
1057 732 1161 759 nam
1191 718 1366 760 uidetur
1400 719 1644 760 sicilianum

144 793 325 847 uulgare
367 791 449 833 sibi
489 789 651 831 famam
692 802 769 843 pre
808 788 903 830 aliis
936 788 1162 839 asciscere,
1210 802 1258 830 eo
1293 788 1409 841 quod
1442 788 1645 842 quicquid

143 866 379 917 poetantur
411 859 537 902 Ytali
578 858 822 900 sicilianum
863 862 1063 909 uocatur,
1109 862 1151 899 et
1189 872 1239 899 eo
1274 858 1388 911 quod
1420 857 1645 912 perplures
1665 872 1681 895 ν.

144 933 346 975 doctores
391 930 619 984 indigenas
664 929 910 970 inuenimus
956 928 1151 983 grauiter
1198 928 1415 979 cecinisse,
1464 932 1571 982 puta
1602 929 1645 969 in

145 1001 421 1045 cantionibus
466 1000 571 1042 illis:
620 1000 794 1042 Anelzor
834 1000 905 1041 clere
947 1000 1108 1053 Z'aiyua
1131 1013 1214 1051 per
1245 999 1282 1041 lo
1314 1000 1430 1051 focho
1464 999 1572 1040 lassi
1606 1003 1647 1039 et

143 1075 290 1124 Amor,
323 1072 394 1114 che
422 1071 702 1125 Zunyiamevte
724 1069 825 1111 m'ici
846 1072 1022 1110 menato.
1086 1066 1174 1109 Sed
1197 1067 1277 1109 hec
1299 1067 1417 1109 fama
1439 1067 1645 1109 trinacrie
1666 1082 1682 1107 υ

144 1147 273 1194 terre,
316 1142 351 1183 si
382 1145 500 1183 recte
532 1141 701 1194 signum
734 1139 789 1181 ad
822 1138 939 1193 quod
970 1137 1113 1180 tendit
1143 1138 1439 1191 inspiciamus,
1473 1137 1646 1178 uidetur

143 1215 316 1253 tantum
346 1211 390 1252 in
423 1210 705 1265 opprobrium
736 1209 953 1264 ytalorum
984 1208 1231 1262 principum
1262 1208 1534 1258 remansisse,
1576 1208 1647 1260 qui

144 1295 234 1324 non
255 1281 430 1323 heroico
453 1295 585 1332 more,
609 1280 685 1322 sed
706 1279 877 1334 plebeio
900 1283 1107 1320 secuntur
1129 1277 1388 1331 superbiam.
1424 1276 1647 1330 Siquidem
1670 1289 1700 1316 12

145 1351 336 1393 illustres
367 1351 521 1392 heroes
552 1350 790 1392 Federicus
824 1363 946 1390 cesar
979 1352 1021 1389 et
1052 1348 1163 1390 bene
1194 1348 1367 1401 genitus
1401 1348 1490 1388 eius
1520 1347 1647 1388 Man-

147 1421 308 1472 fredus,
355 1421 629 1463 nobilitatem
677 1434 728 1461 ac
770 1419 1077 1460 rectitudinem
1121 1432 1195 1460 sue
1222 1419 1360 1460 forme
1393 1417 1647 1471 pandenteS,

148 1491 288 1533 donec
330 1491 508 1532 fortuna
538 1490 747 1545 permisit,
797 1489 988 1530 humana
1020 1489 1157 1530 secuti
1189 1493 1302 1539 sunt,
1352 1488 1544 1529 brutalia
1577 1487 1647 1528 de·
1671 1498 1702 1525 15»

149 1562 401 1615 dignantes;
449 1565 629 1615 propter
677 1559 791 1614 quod
839 1559 968 1601 corde
1015 1558 1184 1600 nobiles
1232 1562 1363 1611 atque
1410 1559 1649 1611 gratiarum

149 1630 290 1673 dotati
331 1631 530 1673 inherere
568 1634 794 1672 tantorum
831 1629 1076 1683 principum
1109 1628 1327 1670 maiestati
1360 1627 1505 1669 conati
1537 1632 1649 1677 sunt,

148 1702 212 1743 ita
234 1702 350 1755 quod
368 1715 515 1744 eorum
534 1705 730 1754 tempore
748 1699 954 1754 quicquid
970 1698 1230 1741 excellentes
1249 1697 1651 1740 animiLatinorum
1675 1708 1706 1735 is

150 1771 440 1823 enitebantur,
473 1771 674 1825 primitus
705 1771 749 1811 in
782 1774 1006 1812 tantorum
1039 1773 1350 1811 coronatorum
1382 1767 1483 1809 aula
1507 1767 1652 1821 prodi-

244 1913 287 1947 27
314 1913 412 1947 latus
439 1911 540 1956 (C)T
674 1912 718 1947 30
746 1912 784 1946 et
810 1910 982 1945 dominus
1014 1920 1117 1944 meus
1149 1908 1219 1951 CT,
1250 1910 1288 1942 et
1315 1907 1446 1941 doinus
1473 1917 1591 1941 nouus
1621 1906 1655 1938 R

246 1971 290 2006 12
317 1973 333 2006 1
359 1970 601 2006 Exacceratis
628 1969 792 2015 quodam
810 1969 921 2003 modo
939 1968 1002 2004 CT
1093 1968 1115 2002 3
1141 1979 1179 2001 se
1206 1967 1369 2012 ligamus
1385 1965 1450 2001 CT
1540 1964 1562 1997 4
1588 1962 1654 1997 sci-

152 2029 291 2064 ciliano
310 2029 380 2064 BG
454 2029 475 2063 8
501 2028 586 2063 foco
604 2029 639 2062 B
712 2028 732 2062 9
759 2028 826 2062 che
855 2026 924 2061 che
952 2026 1016 2060 GT
1060 2025 1196 2069 maun-B
1272 2024 1310 2057 11
1329 2022 1571 2067 obprobrium
1590 2019 1659 2054 BC

155 2088 199 2123 12
223 2087 333 2122 moB
415 2086 552 2131 plebeo
581 2085 646 2121 CT
665 2085 733 2120 edd
842 2084 883 2118 13
909 2083 1116 2118 fredericus
1144 2083 1180 2116 B
1289 2081 1329 2115 15
1356 2078 1566 2124 permansit
1597 2078 1660 2112 CT

155 2146 199 2181 18
225 2145 326 2190 quod
354 2145 423 2185 OT,
450 2145 543 2179 utB
628 2143 831 2179 excelletes
857 2142 1064 2176 latinorum
1089 2140 1312 2175 nitebantur
1342 2137 1406 2172 CT

249 2251 341 2286 8—9
370 2250 465 2285 Sunt
489 2250 670 2285 cantiones
683 2247 861 2283 Gnidom's
878 2246 920 2282 de
938 2245 1148 2290 Golampnis
1164 2254 1255 2288 quae
1273 2244 1439 2287 leywztur
1460 2241 1495 2274 in
1509 2239 1658 2275 Ernesti

155 2309 309 2344 Monam·
331 2308 584 2344 ‘Crestomazz'a
608 2308 764 2343 italiana
790 2306 849 2341 clei
867 2304 980 2350 primi
1002 2302 1116 2339 secoli'
1142 2302 1271 2346 (Roma
1299 2302 1397 2335 1888
1425 2319 1468 2323 —
1502 2297 1597 2332 Οίιτὶι
1623 2296 1660 2330 cli

160 2366 313 2403 Castello
336 2367 447 2409 1912)
471 2378 507 2412 p.
533 2368 731 2402 218-223.
