1876 2615
239 65 294 104 22
532 61 706 96 DANTIS
734 61 795 97 DE
821 62 1036 97 VULGARI
1061 62 1366 104 ELOQUENTIA
1395 65 1411 98 Ι
1436 66 1466 100 9.

241 183 475 226 nonienses
494 181 631 234 Burgi
654 181 794 222 sancti
817 180 977 222 Felicis
1002 185 1043 222 et
1061 180 1363 224 Bononienses
1380 181 1529 224 Strate
1550 183 1748 227 Maioris.

243 254 341 296 Hee
388 266 538 295 omnes
585 250 830 293 differentie
878 255 1007 304 atque
1059 265 1307 293 sermonum
1362 253 1599 294 uarietates
1648 254 1751 307 quid

189 323 459 373 aoaceidant,
507 335 596 363 una
643 320 882 374 eademque
926 321 1097 363 ratione
1143 322 1322 375 patebit.
1403 322 1601 364 Dicimus
1649 337 1751 377 ergo

244 393 359 448 quod
406 392 551 435 nullus
594 391 773 432 effectus
821 395 1000 444 superat
1043 406 1165 433 suam
1214 406 1403 442 causam,
1450 392 1494 434 in
1540 396 1750 446 quantum

243 463 421 504 effectus
455 466 532 512 est,
567 462 669 514 quia
700 461 835 502 nichil
866 465 1011 514 potest
1045 460 1218 503 efficere
1248 462 1365 515 quod
1389 476 1475 504 non
1500 466 1578 505 est.
1643 462 1752 505 Cum

189 546 223 573 :33
242 534 374 587 igitur
407 532 545 574 omnis
577 535 730 572 nostra
761 530 935 584 loquela
970 532 1134 584 (preter
1156 531 1277 573 illam
1298 532 1465 574 homini
1486 532 1625 586 primo
1650 546 1751 574 con-

244 606 436 644 creatam
469 615 494 642 a
527 600 626 654 deo)
659 601 714 642 sit
747 615 772 642 a
804 605 954 642 nostro
987 601 1264 654 beneplacito
1298 606 1507 655 reparata
1528 606 1628 656 post
1651 616 1750 644 con-

243 672 458 714 fusionem
489 671 621 722 illam,
665 685 748 724 que
780 670 842 712 nil
875 670 995 712 aliud
1028 671 1111 713 fuit
1144 685 1274 725 quam
1307 672 1466 725 prioris
1499 671 1675 722 obliuio,
1711 677 1753 714 et

188 756 223 785 36
242 741 370 783 homo
424 741 479 782 sit
532 740 907 783 instabilissimum
960 745 1091 795 atque
1143 741 1524 784 uariabilissimum
1577 742 1750 792 animal,

242 825 323 853 nec
365 811 575 853 durabilis
616 825 697 852 nec
729 812 936 854 continua
970 825 1062 854 esse
1094 815 1252 865 potest,
1295 811 1372 853 sed
1405 813 1519 853 sicut
1551 812 1638 854 alia
1670 826 1753 866 que

243 885 395 924 nostra
427 885 540 933 sunt,
572 885 681 935 puta
712 896 854 924 mores
888 886 929 923 et
950 881 1138 933 habitus,
1173 895 1250 935 per
1271 881 1465 923 locorum
1489 886 1752 936 temporum-

190 966 224 994 39
244 966 326 1005 que
359 952 592 994 distantias
625 953 790 994 uariari
822 956 1010 1007 oportet.
1075 951 1117 993 N
1122 966 1170 993 ec
1193 951 1481 993 dubitandum
1502 966 1602 994 reor
1624 951 1752 994 modo

242 1022 287 1063 in
321 1036 370 1064 eo
404 1022 520 1075 quod
553 1022 736 1064 diximus
760 1023 1047 1077 ‘temporum’,
1081 1022 1157 1064 sed
1179 1023 1324 1077 potius
1349 1022 1580 1076 opinamur
1601 1026 1752 1064 tenen-

244 1093 371 1145 dum3
404 1107 508 1135 nam
539 1094 575 1135 si
607 1093 694 1135 alia
726 1098 877 1136 nostra
910 1107 1044 1147 opera
1074 1096 1412 1147 perscrutemur,
1445 1092 1582 1134 multo
1614 1094 1751 1146 magis

190 1176 224 1204 42
245 1163 494 1218 discrepare
528 1163 728 1205 uidemur
760 1178 785 1205 a
816 1164 1122 1205 uetustissimis
1156 1163 1408 1205 conciuibus
1439 1163 1601 1205 nostris
1624 1177 1751 1217 quam

244 1247 270 1275 a
303 1235 522 1276 coetaneis
554 1234 897 1288 perlonginquis.
962 1233 1243 1288 Quapropter
1277 1232 1488 1275 audacter
1524 1236 1750 1284 testamur,

245 1303 360 1357 quod
404 1304 439 1345 si
470 1305 754 1346 uetustissimi
784 1304 1025 1359 Papienses
1058 1319 1176 1346 nunc
1208 1308 1501 1358 resurgerent,
1551 1317 1753 1346 sermone

190 1386 225 1416 45
244 1374 368 1416 uario
408 1374 480 1415 uel
522 1374 694 1416 diuerso
735 1389 831 1416 cum
863 1375 1083 1417 modernis
1116 1375 1408 1429 Papiensibus
1439 1373 1751 1427 loquerentur3

243 1457 325 1485 nec
370 1443 497 1486 aliter
533 1446 691 1486 mirum
735 1445 938 1487 uideatur
978 1446 1096 1499 quod
1129 1446 1323 1497 dicimus,
1369 1459 1499 1498 quam
1529 1444 1754 1498 percipere

243 1513 446 1555 iuuenem
494 1514 711 1556 exoletum
758 1529 886 1568 quem
933 1515 1180 1557 exolescere
1227 1529 1316 1557 non
1365 1515 1574 1557 uidemus.
1639 1513 1752 1556 Nam

192 1597 226 1626 48
246 1597 328 1637 que
359 1584 570 1637 paulatim
604 1588 848 1636 mouentur,
882 1585 1058 1627 minime
1089 1585 1426 1639 perpenduntur
1460 1598 1486 1626 a
1517 1583 1667 1637 nobis;
1713 1588 1755 1625 et

247 1658 412 1707 quanto
444 1654 644 1708 longiora
674 1658 875 1709 tempora
906 1655 1096 1697 uariatio
1128 1655 1192 1696 rei
1225 1654 1280 1696 ad
1313 1654 1526 1709 perpendi
1557 1653 1752 1708 requirit,

246 1728 371 1765 tanto
404 1737 496 1765 rem
528 1724 649 1766 illam
682 1725 952 1767 stabiliorem
975 1730 1191 1780 putamus.
1255 1724 1357 1767 Non
1382 1725 1542 1767 etenim
1565 1724 1753 1766 admira-

192 1808 225 1837 51
246 1808 354 1846 mur,
404 1795 439 1836 si
472 1795 775 1837 extimationes
807 1795 1030 1837 hominum
1064 1795 1136 1849 qui
1168 1810 1323 1849 parum
1357 1796 1522 1837 distant
1552 1808 1577 1836 a
1600 1794 1752 1845 brutis,

246 1868 405 1918 putant
447 1864 629 1907 eandem
663 1865 886 1907 ciuitatem
929 1865 1007 1907 sub
1055 1865 1310 1907 inuariabili
1342 1879 1513 1919 semper
1545 1864 1754 1906 ciuicasse

247 1948 458 1986 sermone,
494 1949 590 1977 cum
623 1936 834 1977 sermonis
867 1936 1056 1978 uariatio
1090 1936 1282 1978 ciuitatis
1315 1935 1507 1977 eiusdem
1538 1949 1627 1977 non
1660 1934 1753 1976 sine

192 2018 228 2047 54
245 2004 498 2058 longissima
549 2010 793 2060 temporum
846 2006 1122 2048 successione
1163 2005 1379 2060 paulatim
1420 2005 1659 2058 contingat,
1712 2008 1754 2045 et

339 2122 384 2158 29
409 2134 598 2158 sermones
618 2124 654 2157 B
762 2123 805 2158 30
833 2123 1008 2158 accidunt
1030 2125 1066 2165 T,
1088 2124 1195 2158 -dent
1217 2124 1246 2159 Ο
1351 2123 1395 2158 32
1413 2123 1468 2156 nil
1488 2123 1524 2156 B
1619 2123 1662 2156 35
1681 2121 1755 2156 fuit-

247 2180 351 2214 aliud
378 2181 443 2216 CT
487 2180 629 2216 abliuio
648 2181 719 2225 (C),
748 2192 770 2215 a
788 2181 906 2215 obl-T
1016 2181 1060 2215 39
1079 2193 1142 2216 reo
1162 2182 1198 2215 B
1305 2182 1347 2216 41
1367 2181 1675 2226 perscruptemur
1696 2179 1760 2214 GT

245 2239 290 2273 43
317 2250 339 2273 a
365 2240 533 2274 coatenis
561 2240 606 2280 B,
634 2239 810 2274 acco-GT
877 2241 920 2274 47
949 2240 1162 2275 uideremus
1194 2239 1262 2275 GT
1324 2240 1440 2274 48-9
1460 2242 1498 2275 et
1515 2250 1628 2284 quam
1645 2239 1673 2272 l·
1696 2238 1760 2275 CT

246 2297 291 2332 50
310 2297 541 2332 admiremur
562 2298 627 2332 ΤΕ
722 2297 767 2333 52
786 2298 918 2333 eadem
939 2299 1004 2334 CT
1064 2298 1244 2333 unii-abili
1263 2298 1298 2340 O,
1325 2298 1466 2333 imir-T
1559 2298 1603 2332 53
1623 2297 1700 2332 eius
1719 2297 1756 2331 B

247 2355 292 2389 54
317 2355 506 2400 paulatim
533 2368 596 2392 om.
613 2357 649 2391 B
