1876 2615
243 39 294 78 13
521 34 693 69 DANTIS
719 35 781 69 DE
808 36 1024 71 VULGARI
1050 36 1362 79 ELOQUENTIA
1387 38 1402 72 Ι
1429 39 1459 72 7.

239 155 378 208 ipsum
422 157 716 204 naturantem,
760 153 833 206 qui
865 153 970 194 deus
1002 157 1079 205 est,
1123 158 1165 195 et
1205 155 1319 208 cepit
1351 154 1554 196 edifica-re
1587 157 1742 199 turrim

240 224 284 265 in
318 223 530 274 Sennaar,
575 238 656 277 que
689 227 842 278 postea
875 223 992 266 dicta
1026 228 1090 265 est
1122 224 1274 276 Babel,
1319 224 1402 266 hoc
1435 229 1499 266 est
1531 225 1741 279 confusio,

185 302 217 330 ’ἐι
239 307 317 348 per
350 308 478 347 quam
512 293 650 335 celum
682 294 889 347 sperabat
921 294 1169 346 ascendere,
1202 294 1433 336 intendens
1464 295 1626 337 inscius
1654 310 1743 338 non

241 378 413 417 equare,
469 363 544 405 sed
591 378 714 405 suum
762 378 970 418 superare
1014 364 1239 406 factorem.
1319 364 1356 406 O
1402 365 1494 406 51110
1539 378 1745 408 mensura

241 434 471 475 clementia
513 433 683 475 celestis
721 433 903 487 imperii.
966 433 1075 487 Quis
1108 438 1283 488 patrum
1315 438 1381 476 tot
1413 435 1646 478 sustineret
1676 436 1742 477 in-

186 512 219 540 24
240 503 379 545 sultus
426 517 451 544 a
497 502 619 544 filio?
682 503 770 545 Sed
824 517 1057 556 exsurgens
1111 518 1200 545 non
1242 504 1391 546 hostili
1437 506 1616 558 scutica,
1667 506 1743 548 sed

239 576 425 626 paterna
458 576 500 613 et
532 572 641 614 alias
672 571 928 613 uerberibus
961 575 1152 622 assueta,
1184 572 1469 614 rebellantem
1502 574 1637 616 filium
1668 577 1745 630 pia

241 642 510 684 correctione
550 656 721 684 necnon
761 642 1034 683 memorabili
1068 643 1314 696 castigauit.
1378 641 1602 697 Siquidem
1632 660 1745 700 pene

186 726 219 756 27
239 716 378 754 totum
424 711 662 754 humanum
707 725 842 766 genus
889 711 944 753 ad
990 726 1097 766 opus
1128 712 1372 766 iniquitatis
1406 714 1593 767 coierat;
1640 729 1746 770 pars

239 783 529 837 imperabant,
562 796 664 836 pars
698 782 1114 833 architectabantur‚
1146 796 1248 836 pars
1270 797 1416 826 muros
1437 784 1745 837 moliebantur,

239 868 342 908 pars
365 852 608 895 amussibus
623 852 895 906 regnabant,
919 865 1021 906 pars
1036 851 1180 893 trullis
1196 851 1406 904 linebant,
1427 867 1530 908 pars
1547 854 1746 897 scindere

187 937 221 966 30
240 937 384 977 rupes,
417 937 519 977 pars
552 922 674 974 mari,
707 936 811 976 pars
843 926 963 963 terra
994 921 1154 963 uehere
1175 921 1476 975 intendebant,
1509 929 1746 979 partesque

242 993 414 1035 diuerse
438 993 622 1035 diuersis
646 992 742 1035 aliis
765 992 968 1047 operibus
991 992 1293 1046 indulgebant,
1325 1007 1421 1034 cum
1445 994 1596 1036 celitus
1618 999 1747 1038 tanta

243 1063 496 1105 confusione
518 1064 713 1118 percussi
735 1068 848 1114 sunt,
873 1067 920 1105 ut
943 1063 1015 1116 qui
1038 1077 1186 1105 omnes
1208 1077 1296 1104 una
1320 1063 1556 1118 eademque
1570 1065 1748 1119 loquela

189 1147 222 1175 εκ]
243 1133 547 1176 deseruiebant
580 1134 636 1176 ad
669 1148 791 1188 opus,
825 1134 879 1176 ab
913 1147 1044 1188 opere
1075 1132 1223 1174 multis
1257 1133 1539 1176 diuersificati
1560 1135 1746 1189 loquelis

242 1205 490 1247 desinerent
534 1209 576 1246 et
618 1219 842 1258 nunquam
874 1204 930 1246 ad
963 1204 1078 1246 idem
1111 1204 1411 1246 commertium
1443 1206 1743 1250 conuenirent.

243 1275 356 1318 Solis
405 1276 565 1317 etenim
610 1276 655 1317 in
702 1289 789 1317 uno
839 1275 1197 1318 conuenientibus
1240 1279 1341 1316 actu
1386 1274 1537 1317 eadem
1569 1275 1747 1329 loquela

188 1357 222 1385 36
243 1347 473 1388 remansit:
519 1351 627 1401 puta
672 1346 838 1388 cunctis
885 1345 1247 1387 architectoribus
1290 1359 1391 1395 una,
1440 1346 1607 1387 cunctis
1640 1360 1747 1389 saxa

242 1417 520 1458 uoluentibus
543 1431 643 1468 una,
674 1416 841 1458 cunctis
864 1430 915 1457 ea
936 1416 1195 1470 parantibus
1217 1429 1317 1466 una,
1343 1420 1386 1456 et
1407 1416 1469 1457 510
1491 1415 1543 1457 de
1566 1417 1748 1471 singulis

242 1487 526 1542 operantibus
575 1486 748 1529 accidit.
812 1486 1039 1541 Quotquot
1089 1490 1233 1528 autem
1279 1485 1472 1527 exercitii
1508 1486 1747 1529 uarietates

188 1566 223 1594 32³
241 1558 482 1600 tendebant
505 1557 561 1600 ad
583 1571 704 1612 opus,
738 1561 804 1600 tot
824 1561 891 1599 tot
911 1557 1204 1612 ydiomatibus
1225 1560 1331 1598 tunc
1353 1569 1488 1610 genus
1509 1555 1747 1599 humanum

243 1627 529 1681 disiungitur3
564 1631 607 1669 et
639 1630 803 1682 quanto
833 1626 1117 1669 excellentius
1141 1626 1416 1677 exercebant,
1448 1630 1572 1668 tanto
1595 1627 1748 1669 rudius

242 1712 358 1740 nunc
381 1697 699 1751 barbariusque
720 1697 937 1739 locuntur.
973 1696 1144 1751 Quibus
1168 1700 1314 1738 autem
1337 1700 1556 1738 sacratum
1573 1696 1748 1751 ydioma

188 1783 223 1810 42
243 1768 465 1819 remansit,
497 1782 579 1809 nec
612 1767 811 1817 aderant,
845 1781 926 1809 nec
958 1767 1210 1808 exercitium
1244 1765 1627 1818 commendabant3
1670 1766 1747 1808 sed

242 1838 437 1893 grauiter
490 1838 757 1880 detestantes
810 1836 1094 1879 stoliditatem
1144 1836 1418 1890 operantium
1473 1835 1746 1878 deridebant.

244 1908 332 1951 Sed
344 1909 425 1951 hec
441 1909 619 1950 minima
635 1922 738 1962 pars
754 1911 964 1961 quantum
983 1906 1038 1948 ad
1055 1919 1281 1948 numerum
1297 1905 1379 1947 fuit
1393 1905 1446 1947 de
1458 1907 1619 1948 semine
1631 1905 1746 1957 Sem,

190 1993 225 2021 45
245 1980 355 2022 sicut
377 1979 558 2031 conicio,
582 1979 655 2032 qui
677 1978 760 2020 suit
780 1977 936 2020 tertius
958 1976 1072 2019 filius
1095 1976 1214 2027 Noe;
1248 1975 1301 2018 de
1324 1989 1410 2030 qua
1432 1975 1603 2030 quidem
1627 1980 1748 2018 ortus

337 2097 381 2131 20
407 2100 516 2132 senar
546 2096 581 2136 G,
610 2106 745 2131 sencar
775 2096 807 2130 T
921 2095 966 2129 24
991 2093 1116 2128 hostil'
1144 2092 1252 2128 BCT
1367 2092 1410 2126 26
1437 2090 1686 2126 corectionem
1709 2092 1747 2130 C,

243 2166 338 2189 corr·
356 2156 389 2189 T
503 2156 546 2190 27
575 2154 709 2190 coierit
735 2155 771 2189 Β
890 2153 934 2188 29
961 2151 1151 2196 amysibus
1182 2151 1248 2186 CT
1363 2149 1483 2185 tuillis
1513 2149 1578 2184 GT

244 2225 286 2259 31
315 2225 447 2269 opibus
473 2224 571 2270 (cvr
673 2224 718 2259 33
744 2213 979 2258 diuersificai*
1001 2222 1067 2258 GT
1170 2223 1212 2257 37
1239 2220 1454 2256 umentibus
1481 2221 1517 2255 R
1622 2220 1666 2255 39
1690 2221 1751 2255 tot

244 2293 309 2316 om.
337 2283 373 2317 Β
500 2282 543 2317 41
571 2280 823 2326 loquebantur
849 2281 885 2315 Β
1017 2280 1063 2315 42
1091 2280 1251 2314 aderant
1275 2278 1495 2314 exercitium
1524 2278 1590 2313 CT

243 2342 288 2375 44
315 2340 394 2375 seni
422 2340 487 2375 CT
600 2342 645 2376 45
672 2340 812 2376 conitio
838 2340 917 2382 BG,
945 2339 1083 2375 comtio
1102 2340 1135 2374 T
1225 2338 1377 2384 quidem
1401 2349 1469 2373 om.
1487 2338 1524 2372 Β
