1876 2615
303 74 478 109 DANTIS
504 73 567 108 DE
593 73 809 108 VULGARI
834 72 1143 114 ELOQUENTIA
1169 73 1184 106 Ι
1212 72 1358 106 16-17.
1525 76 1579 115 35

82 195 125 233 et
164 189 324 242 malus3
367 190 412 231 in
455 192 665 242 quantum
697 192 745 229 ut
783 188 978 229 homines
1010 187 1137 229 latini
1169 188 1348 241 agimus,
1395 188 1580 241 quedam
1597 205 1634 232 24

81 259 289 301 habemus
337 257 654 311 simplicissima
701 256 825 310 signa
870 260 913 298 et
959 270 1126 297 morum
1175 260 1216 297 et
1259 255 1487 298 habituum
1540 262 1582 298 et

80 328 326 380 locutionis,
349 328 504 381 quibus
520 327 656 369 latine
675 327 867 368 actiones
884 325 1186 380 ponderantur
1204 330 1246 367 et
1263 330 1580 369 mensurantur.

84 397 180 452 Que
226 397 399 452 quidem
440 396 709 439 nobilissima
755 399 856 437 sunt
899 409 1047 436 earum
1080 408 1162 448 que
1194 395 1452 438 Latinorum
1484 400 1583 438 sunt
1600 410 1634 438 27

82 468 289 518 actiones,
335 467 416 509 hec
461 466 623 508 nullius
671 465 861 507 ciuitatis
894 464 1045 506 Ytalie
1093 466 1272 519 propria
1304 469 1417 516 sunt,
1467 469 1509 508 et
1540 466 1584 507 in

83 537 283 580 omnibus
328 536 530 579 comunia
573 539 687 577 sunt.
750 535 874 576 Inter
918 548 1000 587 que
1037 548 1152 576 nunc
1183 538 1328 589 potest
1359 535 1467 576 illud
1500 534 1584 576 dis-

83 608 202 649 cerni
244 607 425 660 uulgare
457 605 572 660 quod
606 605 802 659 superius
835 604 1118 656 uenabamm,
1165 605 1280 658 quod
1311 607 1355 646 in
1390 605 1582 658 qualibet
1601 619 1636 647 30

83 676 251 719 redolet
283 677 476 726 ciuitate,
508 689 590 717 nec
623 675 754 717 cubat
784 675 829 716 in
861 674 964 717 ulla.
1027 675 1182 717 Potest
1213 679 1359 716 tamen
1382 675 1518 728 magis
1541 676 1585 716 in

84 761 171 789 una
193 761 322 801 quam
343 748 388 789 in
412 746 498 788 alia
520 745 731 797 redolere,
754 746 866 787 sicut
888 744 1207 799 simplicissima
1230 745 1585 795 substantiarum,
1664 786 1667 799 ,

84 830 166 870 que
198 817 303 858 deus
337 821 413 869 est,
461 817 505 858 in
537 815 713 858 homine
743 816 882 870 magis
914 814 1083 856 redolet
1116 828 1245 868 quam
1277 815 1320 855 in
1353 814 1495 864 bruto,
1542 814 1586 854 in
1605 826 1665 854 33

84 887 263 929 animali
313 901 442 941 quam
489 887 534 927 in
566 886 733 940 planta,
777 885 824 927 in
856 885 939 927 hac
972 898 1100 938 quam
1132 885 1176 925 in
1208 884 1387 934 minera,
1429 884 1473 925 in
1505 884 1587 925 hac
1664 875 1667 882 Δ

86 971 215 1010 quam
246 957 291 998 in
324 957 551 1007 elemento,
584 957 629 997 in
656 956 756 1010 igne
781 969 909 1009 quam
932 956 976 996 in
999 958 1130 997 terra.
1193 954 1252 995 Et
1273 953 1589 1007 simplicissima

85 1027 321 1080 quantitas,
356 1026 472 1080 quod
505 1030 570 1068 est
603 1040 749 1076 unum,
783 1026 828 1066 in
860 1025 1017 1079 impari
1049 1038 1229 1065 numero
1261 1023 1430 1065 redolet
1452 1023 1588 1077 magis
1607 1035 1642 1063 36

85 1111 216 1151 quam
247 1098 292 1138 in
322 1096 432 1151 pari,
467 1101 510 1138 et
541 1096 883 1151 simplicissimus
915 1095 1046 1146 color,
1081 1094 1154 1148 qui
1186 1093 1309 1136 albus
1342 1098 1418 1144 est,
1451 1093 1587 1146 magis

82 1168 127 1209 in
175 1167 333 1209 citrino
382 1182 509 1221 quam
554 1167 598 1208 in
645 1166 785 1208 uiride
830 1165 1012 1208 redolet.
1074 1164 1232 1217 Itaque
1279 1163 1427 1217 adepti
1471 1161 1586 1216 quod

86 1237 385 1291 querebamus,
421 1237 600 1279 dicimus
632 1237 815 1287 illustre,
850 1235 1085 1286 cardinale,
1129 1234 1318 1276 aulicum
1351 1238 1392 1274 et
1426 1233 1587 1274 curiale
1606 1244 1641 1272 39

84 1307 267 1362 uulgare
297 1308 341 1349 in
373 1308 517 1358 Latio,
567 1308 682 1361 quod
725 1306 863 1348 omnis
894 1306 998 1347 latie
1032 1305 1222 1347 ciuitatis
1255 1308 1320 1345 est
1353 1307 1395 1344 et
1426 1302 1587 1343 nullius

88 1391 179 1419 esse
211 1376 399 1425 uidetur,
433 1381 475 1418 et
509 1391 592 1431 quo
624 1376 909 1430 municipalia
940 1375 1140 1429 uulgaria
1163 1373 1307 1415 omnia
1330 1373 1588 1414 Latinorum

85 1451 394 1488 mensurantur
425 1451 468 1488 et
498 1446 799 1501 ponderantur
831 1449 873 1487 et
906 1448 1231 1498 comparantur.
1606 1447 1641 1475 42

205 1538 324 1581 Vare
371 1544 516 1581 autem
549 1539 631 1581 hoc
676 1538 790 1592 quod
824 1542 1045 1592 repertum
1080 1540 1143 1578 est
1174 1536 1428 1585 illustre,
1478 1549 1586 1576 car·
1612 1535 1659 1571 17

89 1533 199 1679 Q
234 1607 451 1657 dinale,
495 1609 740 1650 aulicum
782 1612 824 1649 et
858 1606 1066 1648 curiale
1101 1605 1338 1647 adicientes
1370 1619 1586 1655 uocemus,

87 1692 203 1720 nunc
235 1678 553 1733 disponendum
586 1682 674 1730 est3
708 1692 786 1732 per
820 1677 935 1731 quod
968 1676 1127 1718 clarius
1148 1676 1288 1729 ipsum
1311 1675 1427 1728 quod
1448 1675 1588 1729 ipsum
1608 1685 1624 1713 3

88 1752 153 1790 est
183 1748 395 1790 faciamus
434 1753 599 1802 patere.
663 1748 857 1789 Primum
897 1748 1030 1800 igitur
1062 1746 1167 1800 quid
1197 1745 1460 1786 intendimus
1495 1759 1590 1786 cum

87 1817 323 1859 illustre
357 1817 580 1865 adicimus,
625 1822 667 1859 et
706 1831 839 1870 quare
871 1816 1039 1857 illustre
1074 1815 1266 1866 dicimus,
1309 1814 1587 1855 denudemus.

87 1888 176 1930 Per
221 1888 303 1929 hoc
347 1887 517 1941 quidem
567 1887 682 1942 quod
725 1887 893 1929 illustre
934 1886 1127 1936 dicimus,
1174 1885 1455 1938 intelligimus
1489 1883 1626 1937 quide

88 1958 340 2000 illuminans
381 1962 425 1999 et
454 1957 746 1999 illuminatum
778 1956 1043 2011 prefulgens
1105 1955 1165 1996 Et
1197 1955 1279 1997 hoc
1310 1954 1440 1995 modo
1473 1953 1589 1994 uiros

183 2075 228 2109 29
253 2074 346 2108 illud
372 2084 440 2108 om.
458 2074 530 2108 CT
629 2073 673 2107 30
699 2072 929 2106 uenebamur
957 2073 1026 2106 CT
1125 2072 1166 2105 31
1194 2081 1236 2115 τις
1264 2069 1372 2104 BCT
1425 2068 1528 2102 cubit
1555 2067 1589 2099 Β

90 2133 205 2168 33—4
240 2132 353 2167 bruto
392 2131 548 2166 animali
575 2132 624 2171 B,
661 2130 772 2166 bruto
814 2130 992 2171 animali,
1040 2131 1078 2165 in
1117 2130 1228 2164 bruto
1267 2126 1422 2162 animali
1459 2125 1591 2159 Sauter

91 2192 135 2227 39
161 2191 359 2226 cardinare
385 2191 456 2225 CT
689 2190 735 2225 40
760 2188 883 2223 illatio
912 2188 981 2222 CT
1213 2187 1255 2220 41
1284 2184 1493 2228 municipia
1519 2183 1588 2215 GT

89 2250 135 2284 42
160 2251 426 2284 mensurantur
450 2249 668 2295 pondantur
695 2249 765 2283 CT

183 2309 230 2344 17
255 2309 276 2343 2
303 2307 522 2342 adunientes
548 2306 619 2340 CT
769 2306 791 2340 4
809 2306 968 2340 facimus
990 2303 1099 2339 CTR
1242 2303 1261 2335 5
1289 2299 1497 2334 addicimus
1517 2297 1587 2332 CT

93 2368 113 2402 6
140 2366 304 2412 quidem]
332 2376 481 2410 quoque
511 2365 632 2405 BGT,
659 2375 745 2399 corr.
764 2365 799 2397 R
921 2364 939 2397 7
966 2361 1186 2407 perfulgens
1213 2359 1325 2393 CTR
1352 2359 1484 2393 &auter

1321 2416 1379 2457 3*
