1876 2615
231 47 287 86 422
513 45 688 80 DANTIS
714 45 776 80 DE
804 45 1015 81 VL'LGARI
1041 46 1351 88 ELOQUENTIA
1376 48 1409 82 ΙΙ
1435 47 1465 82 2.

236 163 291 205 ad
335 164 470 218 regni,
518 178 597 205 nec
641 178 729 206 non
774 164 1027 206 mendacem
1073 164 1129 206 ad
1173 165 1344 207 ruboris
1385 165 1653 221 dignitatem,
1697 171 1740 209 et

183 247 215 276 ιε)
235 235 451 276 latronem
484 234 539 276 ad
572 249 665 276 eam
691 249 772 288 que
796 239 859 277 est
881 236 1045 277 mortis,
1109 234 1196 277 Sed
1221 250 1316 278 cum
1338 236 1383 277 in
1406 236 1515 278 bene
1537 236 1740 278 merenti-

235 304 314 345 bus
348 303 455 346 fiant
489 306 850 359 comparationes,
886 310 927 347 et
959 306 1002 347 in
1036 306 1132 347 aliis
1166 306 1308 358 etiam,
1342 311 1389 348 ut
1420 306 1593 360 quidam
1617 306 1740 357 bene,

237 373 412 427 quidam
441 375 607 425 melius,
642 375 817 429 quidam
841 376 1016 429 optime,
1050 375 1226 429 quidam
1248 376 1375 428 male,
1409 376 1584 430 quidam
1605 377 1741 431 peius,

186 455 218 483 is
238 444 414 496 quidam
459 445 644 499 pessime
692 448 965 495 mereantur,
1015 449 1057 486 et
1103 444 1351 487 huiusmodi
1394 447 1743 500 comparationes

237 527 325 554 non
358 514 466 556 fiant
498 514 582 556 nisi
613 528 691 568 per
713 518 958 568 respectum
982 515 1037 556 ad
1060 516 1293 556 terminum
1315 516 1581 568 meritorum,
1617 530 1744 570 quem

239 583 495 637 dignitatem
528 584 723 635 dicimus,
769 589 817 626 ut
850 584 1012 627 dictum
1046 590 1122 636 est,
1165 585 1443 628 manifestum
1477 591 1542 628 est
1573 591 1621 628 ut
1653 586 1744 641 dig-

185 670 217 697 21
239 654 400 696 nitates
432 654 547 696 inter
578 668 623 696 se
656 659 967 708 comparentur
999 655 1236 697 secundum
1267 656 1403 710 magis
1437 660 1478 698 et
1510 658 1665 708 minus,
1698 661 1746 699 ut

240 723 425 777 quedam
456 738 625 779 magne,
661 725 847 779 quedam
879 727 1079 777 maiores,
1114 726 1300 780 quedam
1332 727 1517 769 maxime
1549 727 1657 780 sint,
1704 732 1747 769 et

239 808 317 848 per
364 809 635 849 consequens
682 795 849 850 aliquid
897 795 1088 850 dignum,
1135 796 1299 850 aliquid
1347 797 1532 851 dignius,
1582 798 1747 852 aliquid

186 880 221 908 ‘24
241 863 539 918 dignissimum
583 879 675 908 esse
709 870 894 908 constat.
959 867 1018 909 Et
1051 881 1148 909 cum
1181 869 1451 922 comparatio
1484 868 1747 923 dignitatum

241 948 328 976 non
361 934 439 976 fiat
472 936 589 978 circa
619 936 735 978 idem
768 937 997 989 obiectum,
1032 937 1108 979 sed
1141 937 1257 979 circa
1287 937 1473 990 diuersa,
1507 941 1555 980 ut
1577 937 1748 992 dignius

242 1003 436 1047 dicamus
465 1006 581 1059 quod
604 1006 855 1059 maioribus,
890 1007 1188 1061 dignissimum
1212 1007 1329 1061 quod
1350 1008 1548 1059 maximis
1571 1008 1748 1062 dignum

190 1088 224 1117 Ξῖ
246 1079 322 1126 θεῖ,
357 1076 458 1129 quia
490 1076 625 1118 nichil
657 1077 808 1119 eodem
843 1078 1013 1132 dignius
1047 1092 1139 1120 esse
1171 1082 1327 1132 potest,
1372 1078 1652 1120 manifestum
1685 1082 1750 1120 θεῖ

243 1144 359 1197 quod
407 1147 572 1200 optima
619 1148 792 1202 optimis
839 1148 1076 1191 secundum
1120 1163 1265 1191 rerum
1312 1149 1573 1203 exigentiam
1618 1148 1749 1202 digna

243 1215 343 1256 sint.
405 1215 536 1260 Vnde
584 1231 680 1259 cum
721 1218 803 1261 hoc
837 1219 953 1273 quod
988 1219 1167 1261 dicimus
1198 1219 1413 1261 illustre
1445 1219 1500 1260 sit
1538 1219 1748 1272 optimum

188 1298 224 1327 30
244 1285 428 1328 aliorum
475 1287 734 1342 uulgarium,
784 1302 1052 1342 consequens
1100 1292 1164 1330 θεῖ
1208 1292 1255 1330 ut
1295 1288 1390 1330 sola
1422 1288 1587 1342 optima
1619 1287 1751 1342 digna

243 1356 329 1398 sint
372 1357 466 1411 ipso
514 1360 717 1410 tractari,
768 1373 849 1413 que
897 1358 1071 1412 quidem
1122 1359 1454 1401 tractandorum
1500 1357 1750 1412 dignissima

242 1441 557 1481 nuncupamus.
622 1428 754 1470 Nunc
800 1433 945 1470 autem
993 1443 1076 1483 que
1123 1429 1208 1470 sint
1251 1430 1347 1482 ipsa
1392 1442 1613 1471 uenemur.
1675 1427 1752 1468 Ad

189 1512 225 1542 33
244 1511 427 1550 quorum
474 1498 739 1540 euidentiam
782 1499 1006 1540 sciendum
1040 1503 1118 1550 est,
1163 1498 1279 1552 quod
1310 1499 1421 1540 sicut
1452 1498 1580 1540 homo
1613 1497 1750 1552 tripli-

244 1567 351 1609 citer
383 1569 640 1622 spirituatus
674 1573 749 1620 est,
792 1569 946 1624 spiritu
978 1569 1183 1612 uidelicet
1214 1569 1463 1623 uegetabili,
1498 1568 1677 1610 animali
1710 1572 1752 1610 et

243 1639 463 1690 rationali,
512 1640 672 1694 triplex
717 1640 800 1682 iter
847 1639 1137 1694 perambulat.
1200 1639 1316 1681 Nam
1358 1639 1596 1681 secundum
1635 1638 1752 1693 quod

188 1722 224 1751 36
243 1710 489 1763 uegetabile
519 1710 622 1763 quid
646 1714 723 1761 est,
757 1710 864 1752 utile
888 1711 1042 1763 querit,
1075 1711 1118 1751 in
1150 1724 1233 1763 quo
1257 1724 1353 1751 cum
1373 1710 1537 1764 plantis
1561 1709 1751 1751 comuni-

245 1785 332 1832 cat3
368 1779 605 1822 secundum
630 1780 745 1834 quod
768 1781 967 1831 animale,
1003 1780 1273 1830 delectabile,
1298 1781 1343 1821 in
1367 1794 1450 1833 quo
1474 1794 1570 1821 cum
1591 1779 1749 1829 brutis3

245 1849 483 1892 secundum
530 1850 646 1904 quod
692 1851 923 1902 rationale,
971 1850 1203 1892 honestum
1236 1851 1391 1904 querit,
1440 1851 1484 1891 in
1518 1864 1601 1904 quo
1635 1849 1750 1892 solus

192 1932 228 1960 39
246 1924 323 1971 est,
371 1920 442 1962 uel
486 1921 652 1974 angelis
696 1921 899 1963 sociatur.
963 1920 1050 1962 Per
1091 1921 1172 1962 hec
1212 1921 1298 1962 tria
1331 1920 1537 1974 quicquid
1569 1920 1749 1974 agimus,

246 2004 374 2045 agere
418 1991 638 2044 uidemur,
687 1995 729 2034 et
777 1992 878 2045 quia
918 1992 962 2033 in
996 1991 1188 2045 quolibet
1219 1992 1401 2033 istorum
1434 1990 1620 2044 quedam
1652 1995 1753 2031 sunt

339 2157 384 2192 26
435 2158 604 2192 dicamus
654 2156 719 2202 qui
767 2157 973 2192 maioribus
1023 2156 1287 2201 dignissimum
1330 2155 1395 2200 qui
1435 2153 1608 2188 maximis
1638 2153 1749 2187 BCT

245 2215 291 2249 34
317 2215 452 2259 spiritu
481 2216 673 2259 omBGT,
699 2226 788 2250 corr.
800 2215 909 2251 Witte
1038 2216 1082 2250 36
1107 2214 1323 2259 netegabile
1352 2215 1387 2247 B
1508 2212 1551 2245 39
1578 2210 1750 2256 angelice

247 2273 371 2315 ΒΕΓ,
398 2284 488 2309 corr.
513 2274 663 2318 Traube,
691 2273 861 2319 angelice
887 2275 1022 2308 nature
1047 2272 1114 2308 edd
1210 2285 1257 2317 pp
1284 2273 1353 2307 hec
1377 2272 1411 2304 Β
