1876 2615
258 67 312 105 58
534 64 708 100 DANTIS
734 65 796 99 DE
823 65 1036 101 VULGARI
1063 65 1371 108 ELOQUENTIA
1401 67 1431 101 [Ι
1457 68 1488 102 9.

200 200 233 227 54
258 185 387 234 prout
434 195 512 234 per
559 181 992 234 superexcellentiam
1037 196 1243 224 uocamus
1291 197 1398 224 eam.
1464 184 1581 226 Satis
1628 185 1757 225 etiam

255 255 406 304 patere
439 250 624 301 uidetur⁷
670 251 772 304 quid
812 252 1093 306 intelligimus
1127 266 1220 293 cum
1256 254 1502 295 cantionem
1535 268 1757 303 uocamuS,

256 325 298 361 et
330 334 406 373 per
439 334 708 373 consequens
743 321 844 373 quid
878 322 933 363 sit
964 322 1036 363 ille
1069 322 1200 363 fascis
1233 336 1358 375 quem
1384 323 1520 377 ligare
1542 324 1757 365 molimur.

209 416 232 450 9
363 413 461 463 Via,
511 418 558 454 ut
591 413 751 454 dictum
802 418 878 465 est,
927 415 1072 456 cantio
1105 420 1169 456 est
1203 415 1450 469 coniugatio
1484 416 1758 467 stantiarum,

260 417 356 544 Q
390 484 592 536 ignorato
627 483 728 536 quid
758 484 813 524 sit
845 485 1020 536 stantia,
1055 499 1231 527 necesse
1265 490 1329 527 est
1361 486 1607 528 cantionem
1639 486 1759 539 igno-

222 568 373 605 ;;1·are;
408 568 508 594 nam
542 567 593 593 ex
627 553 934 596 diffinientium
967 556 1214 609 cognitione
1248 556 1423 598 diffiniti
1455 556 1640 598 resultat
1662 570 1760 609 cog-

256 625 382 675 nitio;
432 628 474 664 et
520 623 617 664 ideo
668 629 987 677 cousequenter
1033 626 1086 667 de
1134 627 1298 668 stantia
1339 631 1405 668 est
1439 626 1667 678 agendum,
1714 629 1763 667 ut

256 694 421 735 scilicet
452 693 762 746 inuestigemus
795 695 898 747 quid
928 695 1025 749 ipsa
1056 696 1124 745 sit,
1158 700 1201 737 et
1233 697 1335 749 quid
1366 711 1445 750 per
1477 710 1571 737 eam
1603 695 1761 737 intelli-

221 780 238 805 ις
257 778 358 818 gere
390 763 603 805 uolumus.
666 763 725 804 Et
759 765 875 806 circa
906 765 988 806 hoc
1021 766 1244 807 sciendum
1278 771 1355 817 est,
1390 766 1505 820 quod
1529 765 1610 807 hoc
1632 778 1762 807 uoca-

256 834 405 876 bulum
439 848 516 887 per
548 833 681 875 solius
714 835 821 875 artis
853 839 1098 889 respectum
1121 836 1347 877 inuentum
1371 841 1448 887 est,
1481 835 1685 877 uidelicet
1716 839 1764 876 ut

256 905 300 945 in
347 918 430 957 quo
476 908 570 945 tota
618 905 834 946 cantionis
879 920 949 947 ars
990 910 1102 947 esset
1135 910 1356 957 contenta,
1404 906 1513 947 illud
1547 906 1765 947 diceretur

221 988 239 1015 ei
258 974 435 1024 stantia,
484 973 566 1015 hoc
615 978 680 1015 est
723 976 890 1016 mansio
939 989 1078 1029 capax
1123 977 1214 1017 siue
1261 975 1587 1030 receptaculum
1631 975 1765 1017 totius

258 1044 378 1086 artis.
441 1043 556 1085 Nam
590 1045 953 1097 quemadmodum
986 1046 1131 1087 cantio
1165 1051 1230 1087 est
1261 1046 1470 1100 gremium
1502 1046 1636 1087 totius
1669 1059 1765 1086 sen-

258 1114 407 1165 tentie,
442 1115 503 1155 sic
535 1115 700 1156 stantia
732 1120 869 1156 totam
902 1120 1040 1157 artem
1073 1116 1328 1170 ingremiat3
1362 1130 1442 1157 nec
1474 1116 1577 1157 licet
1599 1114 1765 1169 aliquid

208 1198 240 1226 12
260 1185 366 1226 artis
413 1185 694 1237 sequentibus
740 1200 961 1239 arrogare,
1011 1186 1086 1228 sed
1125 1186 1261 1228 solam
1295 1190 1432 1227 artem
1467 1185 1765 1227 antecedentis

258 1255 451 1296 induere.
516 1254 603 1295 Per
636 1255 752 1308 quod
784 1260 907 1309 patet
940 1256 1054 1309 quod
1085 1257 1184 1310 ipsa
1215 1256 1268 1297 de
1301 1270 1387 1309 qua
1418 1256 1647 1309 loquimur,
1683 1255 1765 1296 erit

260 1325 572 1378 congremiatio
627 1326 719 1366 siue
775 1339 1006 1380 compages
1054 1326 1246 1368 omnium
1293 1339 1441 1367 eorum
1489 1339 1571 1378 que
1619 1325 1764 1366 cantio

206 1408 239 1436 15
259 1396 390 1436 sumit
422 1395 475 1437 ab
500 1400 613 1447 arte;
650 1395 806 1449 quibus
830 1396 1097 1447 diuaricatis‚
1133 1410 1262 1449 quam
1286 1396 1505 1449 querimus
1530 1395 1764 1448 descriptio

257 1465 514 1507 innotescet.
587 1465 703 1507 Tota
748 1466 881 1519 igitur
927 1466 1094 1508 scilicet
1140 1480 1210 1507 ars
1258 1466 1472 1507 cantionis
1520 1466 1636 1507 circa
1680 1465 1766 1506 tria

257 1535 432 1579 uidetur
465 1536 726 1577 consistere:
760 1537 900 1590 primo
933 1537 1050 1578 circa
1081 1540 1237 1578 cantus
1270 1536 1540 1587 diuisionem,
1575 1534 1765 1577 secundo

206 1617 239 1645 18
259 1607 375 1647 circa
406 1606 595 1660 partium
628 1605 942 1655 habitudinem,
975 1607 1106 1648 tertio
1139 1608 1256 1648 circa
1276 1620 1502 1648 numerum
1526 1606 1765 1647 carminum

259 1681 302 1717 et
348 1675 614 1717 sillabarum.
679 1676 748 1717 De
796 1677 972 1718 rithimo
1010 1691 1116 1718 uero
1149 1677 1413 1718 mentionem
1446 1690 1534 1717 non
1566 1674 1763 1725 facimus,

259 1746 361 1799 quia
408 1746 461 1787 de
506 1747 685 1800 propria
734 1747 949 1788 cantionis
997 1751 1092 1788 arte
1139 1761 1227 1788 non
1276 1750 1352 1788 est.
1416 1745 1542 1787 Licet
1575 1745 1688 1787 enim
1722 1745 1764 1785 in

203 1832 237 1860 21
260 1815 455 1870 qualibet
499 1815 663 1857 stantia
703 1816 902 1858 rithimos
940 1817 1153 1858 innouare
1186 1821 1229 1858 et
1261 1816 1435 1858 eosdem
1467 1816 1678 1857 reiterare
1710 1813 1765 1856 ad

257 1886 452 1937 libitum3
499 1885 627 1939 quod,
663 1885 697 1926 si
732 1885 784 1927 de
817 1887 996 1940 propria
1029 1887 1245 1928 cantionis
1279 1891 1372 1927 arte
1405 1885 1605 1926 rithimus
1638 1889 1764 1934 esset,

258 1957 433 1997 minime
480 1956 650 1997 liceret:
700 1956 816 2009 quod
865 1956 1026 1997 dictum
1066 1961 1141 1998 est.
1207 1955 1254 1998 Si
1288 1955 1392 2009 quid
1425 1959 1570 1996 autem
1603 1954 1766 1996 rithimi

202 2042 238 2069 24
259 2040 435 2068 seruare
478 2026 663 2067 interest
710 2026 836 2067 huius
870 2026 985 2079 quod
1019 2031 1082 2067 est
1114 2040 1199 2076 ars,
1241 2026 1350 2067 illud
1384 2024 1766 2079 comprehenditur

256 2097 316 2139 ibi
349 2110 445 2137 cum
478 2096 658 2138 dicimus
687 2097 894 2150 ‘partium
916 2096 1240 2138 habitudinem'.
1305 2094 1455 2149 Quare
1477 2095 1539 2136 sic
1561 2094 1766 2148 colligere

257 2181 486 2221 possumus
529 2181 580 2208 ex
624 2167 831 2220 predictis
866 2165 1132 2208 diffinientes
1165 2170 1207 2207 et
1236 2165 1393 2217 dicere,
1433 2165 1640 2206 stantiam
1674 2177 1765 2205 esse

203 2251 238 2279 27
259 2238 337 2279 sub
371 2242 491 2279 certo
527 2242 658 2278 cantu
694 2242 737 2279 et
768 2236 1026 2279 habitudine
1054 2236 1286 2277 limitatam
1319 2235 1559 2277 carminum
1582 2238 1625 2276 et
1647 2232 1765 2275 silla-

352 2332 374 2367 9
399 2333 419 2366 5
438 2330 671 2375 uestigemus
689 2332 761 2366 CT
863 2331 904 2365 14
923 2329 1197 2365 conteminatio
1217 2329 1288 2363 C'T
1383 2328 1423 2363 16
1443 2327 1590 2363 scilicet
1606 2338 1674 2362 om.
1692 2326 1764 2362 GT

260 2392 300 2425 17
333 2390 436 2424 circa
461 2401 527 2425 om.
547 2390 618 2424 CT
718 2391 762 2425 26
788 2389 974 2435 possimus
994 2388 1064 2423 CR
1159 2389 1202 2423 27
1229 2387 1398 2422 limitata
1416 2386 1521 2423 BGT
