1876 2615
256 88 311 125 50
497 83 672 117 DANTIS
700 82 759 117 Di]
789 82 1000 117 VULGARI
1027 82 1335 124 ELOQUENTIA
1361 83 1394 117 ΙΙ
1421 86 1475 117 ἔ)-
1491 86 1521 120 (5.

255 199 550 252 principatum
595 198 805 247 obtineat,
857 198 1016 239 clarius
1064 199 1286 251 magisque
1335 213 1503 241 sursum
1537 203 1763 256 superbire

259 269 445 310 uidetur.
525 267 612 309 Sed
659 268 741 309 hoc
787 268 971 309 ulterius
1026 267 1333 309 elucidandum
1386 277 1623 315 remaneat.
1704 274 1763 315 Et

200 352 234 379 :iz
260 338 440 380 dicimus
476 338 780 391 eptasillabum
813 338 933 391 sequi
966 337 1074 378 illud
1107 337 1222 391 quod
1243 339 1476 381 maximum
1501 346 1565 383 est
1585 343 1628 382 in
1653 343 1760 385 cele-

258 409 432 449 britate.
512 408 617 449 Post
675 407 756 449 hoc
804 408 1145 461 pentasillabum
1202 413 1244 450 et
1301 409 1456 452 deinde
1501 412 1760 455 trisillabum

259 478 522 519 ordinamus.
588 477 892 519 Neasillabum
924 492 1042 528 uero,
1077 479 1180 531 quia
1212 479 1479 533 triplicatum
1502 481 1762 524 trisillabum

204 562 238 587 :w
258 547 503 597 uidebatur,
528 547 598 588 uel
622 562 846 600 nunquam
869 548 913 589 in
940 547 1105 589 honore
1129 548 1223 599 suit,
1248 549 1317 590 uel
1339 555 1518 604 propter
1541 551 1763 593 fastidium

259 617 484 659 absoleuit.
564 617 831 658 Parisillaba
888 631 992 658 uero
1045 623 1226 672 propter
1282 620 1347 660 sui
1392 620 1628 662 ruditatem
1676 636 1763 664 non

258 687 420 729 utimur
442 688 525 728 nisi
548 701 673 739 raro3
698 687 890 728 retinent
912 688 1025 728 enim
1048 693 1251 730 naturam
1274 704 1448 731 suorum
1472 705 1764 743 numerorum,

205 775 238 802 42
260 758 332 811 qui
363 757 557 799 numeris
588 757 831 811 imparibus
875 758 1239 811 quemadmodum
1281 761 1465 802 materia
1498 761 1634 803 forme
1666 763 1764 804 sub-

259 829 430 870 sistunt.
493 828 551 870 Et
574 829 635 869 sic
658 828 961 882 recolligentes
983 829 1183 882 predicta
1205 830 1570 873 endecasillabum
1593 833 1768 874 uidetur

260 913 353 940 esse
386 898 740 953 superbissimum
787 913 987 951 carmen3
1031 905 1073 941 et
1105 899 1188 941 hoc
1221 906 1285 942 est
1317 901 1433 954 quod
1466 903 1765 955 querebamus.

207 987 240 1012 45,
261 969 391 1010 Nunc
423 974 568 1010 autem
601 974 740 1011 restat
769 970 1124 1024 inuestigandum
1147 970 1200 1012 de
1223 973 1618 1014 constructionibus
1641 973 1768 1014 elatis

262 1043 304 1080 et
351 1039 589 1092 fastigiosis
633 1039 872 1089 uocabulis,
921 1045 964 1081 et
997 1040 1181 1090 demum,
1229 1040 1417 1083 fustibus
1454 1043 1768 1096 torquibusque

260 1110 441 1163 paratis,
486 1110 745 1163 promissum
793 1109 968 1161 fascem,
1017 1110 1100 1152 hoc
1145 1116 1209 1151 est
1241 1112 1501 1162 cantionem,
1551 1112 1768 1165 quomodo

206 1195 240 1223 is
259 1180 378 1220 uiere
413 1180 506 1233 quis
542 1180 713 1230 debeat,
746 1181 1022 1222 instruemus.

212 1282 234 1317 6
366 1273 453 1316 Via
476 1274 592 1315 circa
615 1273 796 1328 uulgare
818 1274 990 1316 illustre
1014 1278 1166 1316 nostra
1188 1279 1392 1316 uersatur
1414 1275 1612 1325 intentio,
1652 1274 1767 1328 quod

263 1276 360 1404 Q
393 1344 709 1386 nobilissimum
754 1349 820 1386 est
861 1344 1060 1395 aliorum,
1105 1350 1147 1386 et
1195 1359 1246 1385 ea
1279 1358 1360 1398 que
1393 1344 1526 1398 digna
1558 1349 1660 1386 sunt
1691 1344 1768 1387 illo

225 1432 241 1460 3
261 1415 432 1456 cantari
465 1414 763 1465 discreuimus,
808 1428 890 1467 que
922 1414 1009 1455 tria
1041 1413 1311 1455 nobilissima
1343 1417 1458 1464 sunt,
1492 1419 1539 1456 ut
1570 1415 1768 1468 superius

262 1489 325 1526 est
358 1489 613 1536 astructum,
648 1489 690 1526 et
721 1484 896 1526 modum
931 1484 1250 1525 cantionarium
1283 1483 1512 1538 selegimus
1541 1484 1639 1537 illis,
1672 1489 1769 1526 tan-

262 1569 391 1608 quam
438 1555 622 1597 aliorum
668 1554 897 1597 modorum
930 1569 1156 1605 summum,
1206 1560 1249 1597 et
1279 1559 1327 1597 ut
1358 1555 1498 1609 ipsum
1529 1555 1769 1610 perfectius

226 1640 244 1668 6
268 1625 450 1667 edocere
481 1626 708 1679 possimus,
743 1625 926 1680 quedam
960 1626 1047 1666 iam
1079 1626 1424 1680 preparauimus,
1471 1625 1617 1667 stilum
1649 1625 1769 1666 uide-

262 1695 368 1737 licet
415 1700 545 1749 atque
593 1710 782 1746 carmen,
828 1710 948 1738 nunc
988 1695 1041 1738 de
1074 1697 1400 1738 constructione
1432 1710 1626 1750 agamus.
1688 1695 1771 1737 Est

272 1765 385 1808 enim
430 1766 665 1818 sciendum,
711 1766 826 1821 quod
867 1767 1236 1809 constructionem
1275 1781 1483 1809 uocamus
1524 1766 1769 1820 regulatam

224 1836 562 1890 ocompaginem
612 1837 866 1886 dictionum,
909 1842 959 1878 ut
1004 1836 1272 1879 ‘Aristotiles
1317 1837 1661 1892 phylosophatus
1706 1841 1772 1878 est

262 1911 459 1961 tempore
506 1907 782 1949 Alexandri:
864 1907 977 1950 Sunt
1035 1908 1147 1949 enim
1204 1907 1394 1961 quinque
1438 1906 1510 1948 hic
1557 1906 1769 1948 dictiones

264 1982 490 2031 compacte
512 1977 788 2032 regulariter,
812 1982 855 2019 et
875 1992 1008 2019 unam
1032 1977 1202 2019 faciunt
1224 1977 1607 2020 constructionem.
1641 1975 1772 2018 Circa

357 2094 403 2129 34
428 2092 550 2139 magis
576 2105 650 2138 que
667 2093 740 2127 CT
793 2093 970 2138 superbie
985 2094 1016 2128 C
1025 2095 1056 2127 T
1178 2094 1291 2129 36—7
1318 2092 1771 2139 sequi-pentasiuabum

262 2163 328 2187 om.
352 2152 383 2186 Τ
550 2152 596 2187 40
623 2152 810 2188 assoleuit
824 2152 872 2194 B,
911 2153 1079 2189 absoluit
1096 2154 1183 2195 CT,
1221 2152 1354 2187 obs-R
1412 2151 1654 2197 parisillabas
1681 2150 1770 2191 BT,

264 2211 450 2258 pariss-C'
546 2212 601 2255 ‚41
632 2211 706 2247 nisi
733 2210 782 2252 B,
806 2221 854 2247 no
879 2212 951 2246 CT
1060 2212 1107 2246 42
1132 2211 1202 2246 niis
1231 2210 1340 2245 BCT
1457 2210 1501 2244 47
1526 2208 1770 2263 paretis—CT

263 2271 478 2306 cautionem
503 2270 576 2305 CT
699 2270 745 2306 48
772 2270 877 2306 inere
905 2270 935 2304 C
944 2271 988 2311 T,
1014 2271 1122 2306 unire
1149 2272 1197 2311 Β,
1223 2280 1310 2304 corr.
1328 2269 1363 2304 R

357 2330 380 2364 6
406 2330 429 2364 4
454 2329 691 2365 abstructum
722 2329 829 2364 BCT
906 2341 945 2365 se
971 2330 1132 2375 legimus
1161 2329 1232 2364 CT
1353 2330 1374 2362 5
1401 2331 1507 2364 sumu
1535 2327 1606 2362 CT

266 2389 309 2423 10
335 2401 380 2423 Ν.
398 2388 460 2424 hic
486 2388 590 2425 dices
617 2389 689 2424 CT
814 2390 856 2424 12
882 2389 1034 2434 quidem
1061 2389 1159 2423 hane
1175 2387 1246 2422 CT
