1876 2615
234 37 288 77 32
455 34 632 69 DANTIS
660 33 722 68 DE
748 34 963 70 VULGARI
989 34 1301 78 ELOQUENTIA
1328 36 1343 70 I
1370 36 1518 71 14—15.

233 149 596 192 Ildebrandinum
654 150 930 192 Paduanuin.
1024 149 1199 204 Quare,
1264 150 1462 192 omnibus
1522 153 1739 205 presentis

179 230 215 259 230
236 221 415 275 capituli
448 221 502 262 ad
535 221 741 262 iudicium
775 221 1140 275 comparentibus,
1176 221 1442 263 arbitramur
1463 235 1543 263 nec
1566 236 1739 264 roman-

230 291 390 333 dioluin
425 305 503 332 nec
536 305 657 332 suum
689 291 947 344 oppositum,
981 295 1029 332 ut
1053 291 1216 332 dictum
1247 295 1324 342 est,
1358 305 1438 333 nec
1460 291 1740 333 uenetianum

236 375 330 403 esse
361 361 469 402 illud
502 361 618 414 quod
651 361 868 414 querimus
901 360 1081 414 uulgare
1113 360 1296 402 illustre.

164 452 209 486 15
307 453 421 494 Llud
439 458 583 495 autem
602 453 717 506 quod
736 453 789 494 de
806 453 926 507 ytala
944 453 1055 495 silua
1072 454 1246 505 residet,
1266 455 1517 508 percontari
1536 469 1742 497 conemur

336 523 625 577 expedientes.
688 522 886 565 Dicimus
931 537 1032 577 ergo
1075 524 1190 577 quod
1222 523 1336 566 forte
1377 539 1464 566 non
1506 524 1619 566 male
1651 526 1741 579 opi-

200 606 217 633 3
237 598 398 634 nantur
417 593 489 646 qui
502 592 802 634 Bononienses
822 597 1023 634 asserunt
1039 594 1249 647 pulcriori
1266 594 1487 636 locutione
1500 594 1741 648 loquentes,

239 678 334 705 cum
363 663 416 705 ab
441 662 763 714 Ymolensssms,
798 662 1139 705 Ferrarensibus
1163 669 1204 706 et
1225 664 1550 706 Mutinensibus
1574 665 1744 707 circun-

238 733 455 774 stantibus
499 733 663 786 aliquid
710 733 889 786 proprio
937 733 1111 786 uulgari
1158 735 1397 785 asciscunt;
1448 735 1559 776 sicut
1599 734 1744 776 facere

200 814 219 842 6
239 802 453 856 quoslibet
477 817 501 844 a
524 802 718 844 finitimis
750 804 837 844 suis
871 803 1119 854 conicimus,
1153 807 1200 845 ut
1224 803 1448 846 Sordellus
1482 805 1534 846 de
1556 804 1746 846 Mantua

239 887 317 914 sua
351 872 553 923 ostendit,
606 871 836 923 Oremone,
871 872 1020 914 Brixie
1054 878 1186 927 atque
1220 874 1395 916 Verone
1428 874 1609 916 confini:
1659 875 1743 928 (1111,

239 947 388 985 tantus
423 942 669 996 eloquentie
701 943 769 984 uir
802 937 1002 994 existens,
1036 957 1125 985 non
1158 943 1297 986 solum
1328 945 1373 985 in
1404 943 1637 999 poetando,
1671 943 1746 985 sed

203 1013 634 1067 §quomodocunque
675 1013 894 1067 loquendo
935 1014 1126 1067 patrium
1168 1014 1350 1067 uulgare
1392 1014 1594 1056 deseruit.
1657 1013 1747 1054 Ac-

242 1084 407 1138 cipiunt
441 1083 553 1125 enim
585 1083 747 1137 prefati
781 1084 897 1125 ciues
932 1084 984 1125 ab
1016 1084 1325 1126 Ymolensibus
1358 1084 1582 1126 lenitatem
1618 1087 1748 1136 atque

240 1154 479 1205 mollitiem,
515 1168 540 1195 a
570 1153 914 1196 Ferrarensibus
948 1168 1052 1195 uero
1087 1158 1128 1195 et
1160 1153 1748 1207 Mutinensibus>aliqualem

189 1235 223 1262 r.)
242 1223 565 1277 garrulitatem,
615 1239 698 1277 que
744 1225 920 1278 proprie
967 1223 1321 1265 Lonibardorum
1369 1228 1445 1265 est.
1520 1224 1651 1264 Hanc
1699 1236 1749 1264 ex

243 1293 548 1335 commixtione
572 1293 842 1334 aduenarum
864 1292 1260 1346 Longobardoruin
1282 1293 1512 1347 terrigenis
1536 1292 1750 1334 credimus

242 1364 516 1405 remansisse.
582 1363 641 1405 Et
683 1363 763 1404 hec
805 1367 870 1404 est
904 1377 1035 1404 causa
1069 1376 1204 1416 quare
1236 1363 1583 1414 Ferrarensium,
1617 1363 1750 1404 Muti-

190 1445 223 1473 15
243 1434 440 1475 nensium
474 1434 543 1475 uel
565 1434 864 1488 Regianorum
895 1433 1063 1474 nullum
1093 1433 1339 1475 inuenimus
1362 1439 1575 1487 poetasse.
1638 1433 1750 1474 Nam

242 1504 418 1558 proprie
450 1504 699 1558 garrulitati
733 1503 967 1546 assuefacti
989 1504 1111 1545 nullo
1135 1503 1263 1545 modo
1287 1507 1471 1558 possunt
1494 1503 1549 1545 ad
1571 1503 1751 1557 uulgare

243 1574 432 1615 aulicum
465 1574 556 1616 sine
590 1574 779 1627 quadam
812 1574 1054 1616 acerbitate
1077 1574 1241 1617 uenire.
1305 1573 1434 1628 Quod
1456 1574 1591 1616 multo
1614 1574 1751 1626 magis

191 1654 223 1682 13
245 1644 297 1685 de
321 1644 631 1685 Parmensibus
665 1648 730 1685 est
760 1644 1018 1697 putandum,
1053 1645 1125 1697 qui
1157 1649 1292 1687 monto
1324 1659 1403 1698 pro
1436 1645 1565 1686 multo
1590 1644 1750 1685 dicunt.

245 1713 292 1756 Si
341 1728 442 1767 ergo
484 1713 786 1755 Bononienses
834 1714 1040 1768 utrinque
1088 1714 1321 1768 accipiunt,
1370 1719 1417 1756 ut
1463 1715 1625 1756 dictum
1674 1718 1750 1764 est,

243 1785 505 1827 rationabile
577 1784 752 1826 uidetur
834 1799 925 1826 esse
1003 1785 1120 1838 quod
1204 1799 1352 1826 eorum
1433 1785 1594 1826 locutio
1675 1798 1753 1837 per

338 1903 381 1936 29
408 1901 475 1935 Ild'
503 1901 731 1936 brandinum
757 1901 798 1941 C,
826 1901 923 1934 lllud
948 1901 1047 1935 br-T
1169 1902 1212 1935 32
1239 1901 1378 1935 alustre
1406 1901 1475 1935 CT

339 1961 382 1995 15
410 1962 425 1994 1
453 1960 574 2005 ytalia
593 1962 681 2001 BT,
708 1959 818 1994 italia
837 1961 866 1994 C
938 1962 956 1994 5
977 1959 1199 1993 adsciscunt
1217 1959 1359 1993 CTedd
1425 1961 1444 1994 6
1464 1959 1659 2002 quicinuus
1680 1958 1752 1992 CT

244 2019 266 2053 9
292 2022 457 2064 quOCslfss
478 2019 523 2060 B,
550 2018 776 2064 quomodoez
797 2018 840 2059 C,
868 2018 1058 2062 quomodo
1078 2021 1136 2063 ee3
1160 2019 1191 2051 T
1267 2018 1310 2052 10
1337 2019 1436 2053 enim
1458 2019 1505 2061 B,
1534 2019 1649 2053 etiam
1669 2019 1752 2057 CT.

246 2076 387 2110 etenim
410 2077 445 2111 R
533 2077 571 2111 11
599 2077 798 2111 mollitiem
820 2076 867 2116 B,
896 2076 1039 2111 motine
1059 2077 1100 2117 G,
1128 2076 1273 2111 motii-is
1297 2077 1329 2110 T
1409 2078 1451 2112 13
1469 2077 1691 2112 comistione
1710 2078 1753 2113 C.

246 2135 452 2169 comisione
483 2135 515 2169 T
574 2135 867 2180 logobardorum
895 2134 966 2169 CT
1564 2132 1567 2134 ’

342 2217 386 2251 29
415 2216 706 2251 Ildebrandinus
734 2221 785 2252 est
809 2217 1107 2252 Aldobrandinus
1133 2217 1176 2252 cle
1201 2217 1422 2252 Mezzabatz's
1453 2217 1669 2260 Putamus,
1696 2217 1757 2261 qui

246 2287 343 2311 amzo
369 2279 462 2311 1291
479 2277 559 2320 fuit
587 2277 795 2321 capitaneus
815 2277 944 2321 populi
967 2276 1192 2320 Florentiae5
1228 2277 1275 2321 cf.
1303 2276 1494 2312 Michaelis
1520 2275 1639 2310 Bao-bi
1660 2274 1757 2309 ‘Due

248 2335 412 2369 noterelle
437 2334 633 2370 dantesche’
661 2335 830 2379 (Firenze
854 2337 964 2370 1898.
1016 2335 1088 2370 Per
1114 2335 1144 2369 le
1167 2346 1271 2370 flozze
1296 2335 1693 2379 Rostayno—Cavazza).
