1876 2615
498 82 858 117 INSCRIPTIONES
885 83 1241 119 CAPITULORUM.
1571 90 1625 129 69

128 232 180 267 19.
210 232 317 274 Quod
341 231 537 276 ydiomata
560 230 703 275 ytalica
727 230 775 264 ad
800 242 912 265 unum
939 231 1182 271 reducuntur,
1216 234 1254 266 et
1278 231 1372 266 illud
1398 233 1529 277 appel·
1556 207 1626 231 pay·

203 290 305 325 latur
328 289 489 325 latinum
529 314 1530 325 ..................
1580 290 1624 325 38

639 391 799 427 LIBER
824 391 1100 427 SECUNDUS

145 464 173 498 1.
202 464 344 506 Quibus
371 463 574 499 conueniat
598 464 653 497 uti
678 462 798 508 polito
826 465 864 497 et
889 466 1022 497 ornato
1050 462 1210 508 uulgari,
1237 465 1275 498 et
1298 463 1434 507 quibus
1454 476 1530 500 non

204 522 1625 559 conueniat...................39

141 581 172 615 2.
200 581 243 615 In
269 591 344 625 qua
367 579 529 615 materia
553 579 755 614 conueniat
781 582 916 614 ornata
942 578 1161 624 eloquentia
1185 580 1354 625 uulgaris
1403 607 1411 615 .
1464 608 1470 614 .
1522 609 1528 615 .
1578 583 1622 616 41

143 639 175 673 3.
200 638 412 684 Distinguit
437 638 573 682 quibus
599 637 719 672 modis
744 638 953 682 uulgariter
977 637 1253 673 uersificatores
1279 641 1485 683 poetantur
1521 665 1530 675 .
1578 641 1624 674 44

142 699 174 731 4.
201 697 256 732 De
281 697 468 732 uarietate
495 695 572 731 stili
598 707 725 731 eorum
753 696 817 740 qui
842 695 991 740 poetice
1019 696 1190 730 scribunt
1227 723 1527 732 ......
1577 699 1622 732 46

139 755 171 789 5.
199 755 255 789 De
281 755 555 800 compositione
580 766 754 789 uersuum
782 756 820 788 et
844 754 1031 789 uarietate
1059 765 1187 789 eorum
1212 766 1280 800 per
1306 755 1448 790 silabas
1523 784 1529 790 .
1578 757 1624 791 48

141 814 171 848 6.
200 813 305 855 Quod
333 825 378 848 ex
407 812 625 858 cognitione
657 812 891 847 diuersorum
925 814 1120 847 auctorum
1146 813 1342 858 perficitur
1369 813 1530 849 scientia

199 871 381 916 poetandi
408 870 617 916 uulgariter
644 897 650 904 .
700 899 708 907 .
760 898 766 904 .
818 897 824 904 .
877 896 884 904 .
935 898 942 904 .
994 897 1000 902 .
1053 898 1060 904 .
1111 898 1117 904 .
1170 900 1179 907 .
1229 897 1237 905 .
1288 900 1295 906 .
1348 898 1353 904 .
1405 899 1412 906 .
1464 900 1470 906 .
1523 900 1530 907 .
1579 874 1624 909 50

141 930 172 964 7.
199 929 401 964 Distinctio
418 929 708 969 uocabulorum3
735 931 772 963 et
798 939 870 973 que
897 928 972 962 sint
989 929 1176 973 ponenda,
1204 932 1242 964 et
1262 942 1334 974 que
1354 929 1393 964 in
1411 932 1530 965 metro

193 987 346 1029 uulgari
371 987 506 1022 cadere
533 998 608 1022 non
632 988 793 1033 possunt
816 1014 827 1024 .
877 1011 885 1021 .
936 1014 943 1021 .
994 1016 1001 1023 .
1053 1014 1060 1021 .
1112 1015 1118 1021 .
1169 1014 1177 1023 .
1229 1017 1236 1025 .
1285 1014 1294 1024 .
1345 1016 1352 1023 .
1404 1017 1411 1023 .
1463 1018 1469 1025 .
1523 1017 1528 1022 .
1579 991 1623 1024 53

138 1045 169 1080 8.
198 1045 376 1080 Ostendit
409 1045 510 1090 quod
543 1045 716 1090 pluribus
750 1045 871 1080 modis
903 1045 1074 1080 uariatur
1101 1046 1320 1090 eloquentia
1344 1047 1527 1092 uulgaris,

199 1105 257 1139 set
280 1104 505 1149 precipuum
532 1104 590 1138 est
613 1115 682 1148 per
706 1104 915 1138 cantilenas
943 1104 1021 1138 siue
1048 1104 1245 1139 cantiones
1284 1132 1290 1138 .
1342 1132 1349 1139 .
1401 1131 1408 1138 .
1460 1134 1467 1140 .
1520 1132 1525 1139 .
1577 1107 1621 1141 56

139 1163 170 1197 9.
197 1161 312 1197 Ponit
337 1173 408 1206 que
435 1161 512 1196 sint
536 1164 664 1206 partes
682 1162 721 1195 in
741 1160 927 1202 cantione,
955 1166 991 1196 et
1011 1161 1111 1206 quod
1130 1163 1273 1197 stantia
1292 1163 1331 1197 in
1350 1164 1528 1199 cantione

196 1219 445 1265 principalior
470 1231 558 1265 pars
585 1220 635 1254 sit
694 1245 1527 1256 ...............
1577 1222 1621 1257 58

118 1278 172 1313 10.
202 1278 379 1313 Ostendit
412 1278 502 1322 quid
537 1279 585 1312 sit
611 1277 762 1319 stantia,
799 1280 836 1313 et
862 1278 964 1322 quod
989 1279 1133 1313 stantia
1157 1279 1329 1314 uariatur
1355 1280 1529 1325 pluribus

195 1335 317 1370 modis
343 1336 382 1370 in
410 1335 586 1370 cantione
635 1361 1524 1374 ................
1574 1339 1619 1374 59

116 1395 170 1429 11.
197 1393 251 1428 De
277 1405 433 1428 numero
459 1394 597 1438 pedum
624 1395 662 1428 et
679 1393 908 1434 sillabarum,
936 1397 973 1428 et
992 1394 1037 1429 (le
1056 1394 1301 1430 distinctione
1320 1396 1528 1430 carminum

194 1452 458 1497 ponendorum
483 1451 521 1485 in
550 1451 753 1486 dictamine
814 1478 1523 1489 .............
1574 1455 1619 1490 60

116 1511 169 1545 12.
196 1509 251 1545 Ex
279 1509 411 1553 quibus
440 1509 667 1544 carminibus
694 1510 786 1544 fiant
811 1511 1018 1553 cantiones,
1053 1512 1091 1545 et
1117 1511 1162 1545 de
1188 1523 1343 1546 numero
1371 1512 1524 1547 sillaba-

196 1580 279 1603 rum
306 1568 345 1602 in
371 1568 537 1602 carmine
579 1594 1523 1605 .................
1574 1570 1618 1606 62

115 1626 171 1661 13.
198 1626 251 1661 De
266 1626 454 1661 uarietate
467 1626 721 1667 rithimomm3
737 1630 771 1661 et
788 1638 861 1671 quo
876 1626 1007 1661 ordine
1021 1627 1333 1672 ponendisuntin
1348 1628 1526 1664 cantione
1576 1630 1620 1664 64

115 1685 167 1719 14.
229 1710 1525 1722 .......................
1575 1688 1618 1722 67

301 1867 532 1921 INDEX
570 1869 694 1922 REI
734 1869 1412 1934 ORTHOGRAPHICAE

314 1977 348 2010 B
851 1978 882 2011 C
1371 1982 1404 2015 T

106 2045 300 2090 aspiratio:
598 2062 601 2090 g
637 2047 832 2091 aspiratio:
1161 2050 1359 2093 aspiratio.-

125 2103 152 2138 h
175 2104 268 2139 male
291 2104 438 2139 omissa:
598 2097 600 2109 ¹
657 2105 682 2139 h
707 2107 798 2140 male
822 2107 973 2140 omissa:
1184 2107 1209 2140 h
1234 2108 1326 2142 male
1349 2108 1500 2143 omissa:

704 2163 828 2198 eroico
854 2163 870 2196 I
896 2165 939 2197 12
956 2174 996 2198 12.

595 2241 597 2256 l
702 2232 869 2266 ucusque
895 2222 930 2256 II
954 2223 976 2256 4
992 2233 1017 2256 6.
1230 2223 1367 2258 ostium
1396 2223 1412 2256 I
1442 2223 1483 2257 18
1501 2234 1527 2258 3.

169 2278 255 2314 foco
273 2278 290 2312 I
310 2278 353 2313 12
369 2288 403 2319 83
426 2278 460 2313 II
480 2280 552 2314 645.
594 2293 597 2314 ς
701 2290 815 2314 ancor
840 2280 856 2313 Ι
885 2280 925 2313 12
939 2290 964 2316 8.
1227 2281 1394 2315 iniamus
1420 2280 1453 2315 Il
1485 2282 1524 2315 10
1543 2292 1568 2316 7.

593 2341 596 2400 ξ
700 2348 828 2372 marca
852 2338 869 2371 Ι
897 2338 938 2372 10
954 2348 993 2371 35.
1111 2231 1123 2484 l
1224 2349 1356 2373 marca
1382 2339 1399 2372 I
1428 2340 1470 2374 10
1486 2350 1527 2373 35.

593 2406 595 2439 l
699 2397 898 2441 panteram
923 2396 939 2429 Ι
968 2396 1008 2429 16
1026 2405 1050 2431 2.
1221 2399 1419 2441 panteram
1446 2397 1463 2431 I
1488 2398 1531 2431 16
1546 2407 1572 2431 2.

592 2444 595 2497 ἰ
698 2456 841 2488 tomam
866 2453 881 2487 I
910 2453 953 2487 14
969 2464 1009 2487 13.
1218 2456 1358 2488 tomam
1386 2454 1402 2487 I
1431 2455 1473 2488 14
1490 2465 1530 2488 13.
