1876 2615
269 53 326 92 48
517 50 691 86 DANTIS
719 51 780 86 DE
807 52 1023 88 VULGARI
1047 52 1356 96 ELOQUENTIA
1381 55 1415 89 II
1439 55 1542 90 4—5.

214 178 249 207 :21
272 167 329 209 ad
376 166 525 209 ethera
573 167 838 222 deorumque
882 168 993 211 filios
1027 174 1168 221 uocat,
1216 185 1466 225 quanquam
1498 171 1683 226 figurate
1713 171 1776 214 lo-

271 243 444 291 quatur.
523 239 581 280 Et
631 238 728 281 ideo
778 239 1030 281 confutetur
1076 240 1250 283 illorum
1298 241 1504 292 stultitia,
1562 242 1635 295 qui
1682 245 1776 284 arte

270 309 537 362 scientiaque
560 310 783 361 immunes,
818 309 870 351 de
893 310 984 352 solo
1015 310 1188 365 ingenio
1214 311 1495 363 confidentes,
1531 311 1587 353 ad
1609 325 1776 353 summa

211 388 249 416 54
269 391 432 420 summe
475 379 674 421 canenda
711 384 1022 435 prorumpunt3
1068 385 1110 422 et
1143 395 1169 422 a
1200 385 1327 423 tanta
1357 382 1775 436 presumptuositate

269 448 494 499 desistant,
543 454 585 491 et
631 451 666 492 si
714 464 889 492 anseres
936 454 1096 493 natura
1142 451 1214 494 uel
1262 451 1427 494 desidia
1472 456 1585 502 sunt,
1634 451 1776 494 nolint

269 518 524 572 astripetam
557 520 747 573 aquilam
779 521 952 562 imitari.

217 611 242 644 5
398 610 434 652 Ε
468 613 686 666 grauitate
733 615 1048 656 sententiarum
1093 616 1164 657 uel
1212 615 1320 658 satis
1367 615 1527 657 dixisse
1560 615 1772 666 uidemur,

423 682 493 723 uel
525 683 670 725 saltim
703 688 842 726 totum
875 685 990 739 quod
1024 686 1167 740 operis
1191 690 1256 728 est
1278 686 1429 728 nostri.
1492 685 1776 740 Quapropter

228 761 246 789 3
267 749 323 791 ad
355 752 603 806 superbiam
637 755 877 796 carminum
909 755 1176 798 festinemus.
1241 756 1370 799 Circa
1402 756 1519 810 quod
1551 755 1774 798 sciendum

267 824 330 862 est
364 823 480 875 quod
510 824 841 878 predecessores
879 826 1019 868 nostri
1061 826 1244 869 diuersis
1278 826 1541 868 carminibus
1573 826 1640 868 usi
1673 830 1774 867 sunt

265 890 309 931 in
343 893 619 937 cantionibus
651 896 752 947 suis,
798 896 914 950 quod
946 901 988 939 et
1020 897 1220 939 moderni
1252 897 1444 949 faciunt;
1490 896 1567 938 sed
1605 896 1773 938 nullum

226 961 407 1004 cadhuc
439 963 684 1008 inuenimus
722 967 767 1008 in
812 981 987 1010 carmen
1033 967 1321 1010 sillabicando
1356 966 1621 1009 endecadem
1652 970 1773 1007 tran-

263 1033 495 1085 scendisse,
544 1049 624 1078 nec
658 1050 683 1077 a
715 1037 931 1080 trisillabo
965 1038 1255 1081 descendisse.
1319 1038 1379 1079 Et
1421 1037 1523 1079 licet
1555 1035 1771 1078 trisillabo

265 1104 457 1146 carmine
491 1111 622 1160 atque
646 1107 968 1150 endecasillabo
991 1112 1034 1150 et
1057 1108 1256 1150 omnibus
1278 1107 1548 1149 intermediis
1572 1109 1772 1148 cantores

226 1181 244 1209 9
263 1171 357 1214 latii
390 1175 455 1216 usi
487 1175 586 1227 sint,
619 1178 971 1231 pentasillabum‚
1007 1178 1313 1232 eptasillabum
1335 1182 1378 1220 et
1401 1175 1770 1219 endecasillabum

262 1242 307 1283 in
340 1258 419 1285 usu
452 1245 739 1300 frequentiori
770 1248 1010 1302 habentur3
1061 1253 1102 1290 et
1133 1252 1233 1302 post
1263 1248 1343 1289 hec
1374 1246 1637 1289 trisillabum
1669 1249 1771 1286 ante

263 1313 364 1355 alia.
429 1315 625 1369 Quorum
657 1319 849 1360 omnium
882 1319 1254 1362 endecasillabum
1288 1318 1462 1360 uidetur
1495 1330 1587 1358 esse
1620 1328 1769 1369 super-

210 1392 243 1420 12
263 1383 371 1435 bius,
405 1388 495 1427 tam
528 1388 736 1442 temporis
771 1390 1072 1443 occupatione,
1109 1403 1238 1442 quam
1271 1388 1518 1442 capacitate
1542 1385 1768 1436 sententie,

263 1457 601 1499 constructionis
647 1462 690 1500 et
721 1459 1060 1512 uocabulorum3
1109 1473 1295 1513 quorum
1328 1458 1520 1500 omnium
1552 1456 1769 1511 specimen

260 1526 398 1578 magis
430 1527 748 1582 multiplicatur
778 1530 823 1571 in
856 1530 944 1581 illo,
978 1535 1027 1572 ut
1057 1529 1287 1571 manifeste
1312 1531 1519 1583 apparet3
1554 1540 1658 1568 nam
1678 1525 1770 1567 ubi-

210 1606 242 1634 152
263 1608 432 1648 cunque
471 1598 721 1651 ponderosa
758 1601 1120 1655 multiplicantur,
1162 1599 1479 1654 multiplicatur
1511 1602 1553 1639 et
1583 1595 1767 1651 pondus.

260 1664 320 1705 Et
368 1665 449 1708 hoc
497 1681 645 1710 omnes
695 1669 896 1712 doctores
944 1670 1227 1725 perpendisse
1273 1669 1491 1719 uidentur,
1541 1666 1768 1709 cantiones

260 1733 452 1778 illustres
474 1738 789 1793 principiantes
813 1741 867 1782 ab
890 1741 979 1792 illo,
1004 1745 1051 1782 ut
1076 1740 1301 1783 Gerardus
1326 1740 1378 1781 de
1400 1739 1451 1781 B.
1477 1738 1573 1780 Ara
1596 1737 1768 1778 cmsirez

354 1833 397 1866 »51
426 1833 581 1867 deorum
608 1838 632 1880 c]
650 1834 720 1869 CT
819 1835 863 1868 52
889 1834 1091 1869 confitetur
1119 1844 1245 1867 eorum
1272 1832 1343 1866 CT
1442 1831 1558 1865 53—4
1584 1838 1768 1863 summam

261 1901 403 1924 summe
431 1892 598 1926 cauenda
623 1895 832 1937 prorupunt
859 1894 930 1926 (ΣΤ
1027 1893 1071 1926 55
1098 1891 1283 1926 naturalis
1312 1890 1390 1925 des·
1410 1889 1480 1923 CT
1573 1886 1679 1921 nolit'
1696 1886 1765 1920 CT

258 1949 304 1982 56
331 1949 514 1984 immitari
540 1951 612 1984 CT

353 2009 376 2042 5
403 2009 424 2042 2
449 2012 575 2044 nostre
596 2010 700 2045 BCT
797 2010 820 2043 4
846 2010 902 2043 est
919 2019 983 2045 om.
1001 2009 1034 2041 Β
1132 2009 1224 2041 4——5
1242 2007 1319 2042 usis
1337 2006 1377 2041 in
1398 2005 1505 2041 BCT
1605 2006 1625 2039 6
1645 2006 1767 2038 carme

258 2065 298 2099 in
317 2066 360 2110 C,
380 2070 547 2104 carmine
567 2069 602 2104 R
651 2068 746 2104 ende
765 2067 896 2102 eadem
919 2068 963 2108 T,
983 2066 1222 2101 eirdeeadem
1241 2068 1270 2102 C
1368 2066 1389 2100 8
1409 2062 1674 2099 endecasilabo
1694 2064 1765 2096 Bc*

258 2127 280 2161 9
306 2127 602 2171 pentasillabum
627 2129 666 2162 et
691 2127 853 2172 eptas-B
952 2126 995 2160 10
1020 2125 1089 2159 hoc
1111 2125 1144 2158 Β
1220 2122 1434 2158 trisilabum
1454 2123 1524 2157 BC

261 2187 375 2220 11—-2
394 2186 566 2232 superius
598 2187 628 2219 T
730 2187 771 2220 15
796 2183 1076 2229 multiplicatur
1094 2193 1160 2218 om.
1181 2182 1298 2225 BCT,
1323 2191 1412 2217 corr.
1431 2181 1463 2215 T
1460 2181 1591 2216 rissino

261 2248 305 2282 16
332 2257 460 2281 omnes
479 2246 549 2281 hoc
570 2245 640 2279 CT
741 2245 782 2278 17
809 2242 1071 2289 principantes
1099 2242 1170 2276 CT

401 2329 472 2364 hoc
500 2340 603 2374 opus,
631 2327 692 2362 hic
717 2327 826 2361 labor
853 2327 919 2360 est.
968 2324 1084 2359 Pauci
1112 2333 1205 2367 quos
1233 2332 1374 2366 aequus
1401 2319 1541 2354 amavit

400 2388 582 2433 Iuppiter,
610 2389 676 2421 aut
702 2385 839 2420 ardens
868 2384 992 2419 evexit
1018 2382 1065 2417 ad
1092 2381 1248 2416 aethera
1273 2380 1404 2419 virtus,

401 2446 456 2480 dis
482 2445 603 2492 geniti
627 2446 796 2490 potuere.
