1876 2615
299 1053 332 1086 2¹.ss

301 1110 332 1144 ,Φ

301 1227 332 1261 J]

297 1285 329 1377 5090

277 1460 332 1494 10.

278 1576 332 1611 11.

280 1692 334 1728 12.

277 1808 330 1843 13.

277 1924 332 1960 14.

279 2042 333 2076 15.

282 2100 334 2134 16.

280 2217 333 2251 17.

282 2332 338 2369 18.

465 441 1025 494 INSCRIPTIONES
1059 440 1589 494 CAPITULORUM

487 548 527 582 in
555 548 748 583 codicibus
777 548 841 581 CT
863 547 1015 582 additae
1043 559 1087 582 ex
1113 547 1332 582 recensione
1359 547 1417 581 Pii
1442 547 1566 592 Rajna

834 640 995 676 LIBER
1019 640 1215 676 PRIMUS

359 818 466 860 Quod
494 818 596 852 solus
622 818 734 852 homo
760 817 879 851 habet
904 815 1127 851 comercium
1156 815 1338 849 sermonis
1389 840 1691 851 ......

360 876 467 918 Quod
494 875 746 910 necessarium
773 874 847 909 fuit
872 874 1017 908 homini
1044 873 1270 908 comercium
1296 873 1480 907 sermonis
1507 900 1513 907 .
1567 899 1573 907 .
1624 899 1631 906 .
1682 901 1690 910 .

357 935 424 969 Cui
460 934 606 968 homini
638 934 803 979 primum
839 933 948 967 datus
984 934 1042 967 est
1078 943 1219 967 sermo:
1254 931 1346 976 quid
1370 931 1492 976 primo
1519 931 1627 971 dixit,
1655 932 1693 965 et

361 993 428 1026 sub
457 1004 531 1037 quo
557 992 750 1037 ydiomate
810 1014 1693 1027 ................

359 1051 433 1085 Vbi
461 1054 499 1085 et
525 1050 584 1085 cui
609 1051 773 1096 primum
797 1051 909 1084 homo
935 1049 1084 1084 locutus
1111 1048 1161 1082 sit
1216 1074 1693 1084 .........

363 1109 438 1144 Sub
475 1121 549 1154 quo
584 1109 777 1154 ydiomate
811 1109 972 1153 primum
1008 1108 1155 1141 locu‘cus
1183 1109 1239 1141 est
1263 1107 1395 1146 homo;
1430 1108 1468 1140 et
1492 1106 1592 1140 unde
1618 1105 1694 1140 fuit

362 1171 494 1202 auctor
519 1168 630 1202 huius
658 1167 782 1212 operis
804 1190 1692 1203 ................

358 1225 413 1260 De
441 1226 629 1260 diuisione
656 1224 838 1260 sermonis
867 1225 906 1258 in
932 1224 1060 1269 plures
1086 1223 1237 1268 linguas
1275 1247 1693 1259 ........

359 1284 577 1318 Subdiuisio
603 1283 808 1328 ydiomatis
834 1294 902 1328 per
929 1283 1070 1326 orbem,
1097 1282 1136 1316 et
1159 1281 1336 1326 precipue
1361 1280 1401 1314 in
1425 1280 1578 1325 Europa
1626 1307 1634 1316 .
1686 1307 1692 1314 .

357 1343 410 1377 De
441 1342 587 1387 triplici
612 1342 801 1376 uarietate
829 1340 1028 1381 sermonis;
1057 1342 1095 1374 eh
1120 1339 1283 1384 qualiter
1306 1350 1375 1384 per
1400 1341 1575 1383 tempora
1591 1337 1692 1372 idem

356 1401 511 1444 ydioma
537 1400 730 1441 uariatum
759 1402 797 1434 eb
823 1399 867 1434 de
894 1399 1117 1433 inuentione
1144 1397 1352 1443 gramatice
1392 1422 1694 1434 ......

359 1459 412 1493 De
450 1459 639 1493 uarietate
676 1458 879 1501 ydiomatis
917 1457 956 1491 in
994 1455 1126 1491 Ytalia
1163 1468 1185 1490 a
1222 1454 1363 1490 dextris
1403 1457 1441 1490 et
1478 1467 1499 1490 a
1531 1454 1693 1489 sinistris

357 1517 498 1552 montis
526 1517 718 1562 Appenini
745 1539 1692 1551 .................

360 1575 587 1610 ostenditur
625 1575 665 1610 in
692 1575 806 1609 Italia
843 1575 990 1619 aliquos
1028 1574 1168 1608 habere
1204 1573 1357 1617 ydioma
1392 1573 1627 1617 incomptum
1655 1574 1693 1607 et

358 1634 532 1678 ineptum
568 1655 1695 1668 ....................

362 1692 469 1734 Quod
507 1692 546 1726 in
586 1692 719 1727 eodem
744 1692 828 1727 loco
855 1691 1132 1726 diuersificatur
1156 1690 1321 1734 ¹wiioina,
1359 1689 1561 1724 secundum
1591 1688 1692 1733 quod

357 1750 531 1784 uariatur
556 1753 709 1795 tempus
736 1750 935 1795 (inscriptio
958 1749 1072 1793 falsa)
1100 1773 1694 1783 ...........

359 1807 465 1850 Quod
491 1808 528 1842 in
557 1808 730 1852 quolibet
753 1808 945 1851 ydiomate
971 1809 1059 1841 sunt
1077 1806 1206 1851 aliqua
1223 1806 1361 1851 turpia,
1389 1806 1456 1840 sed
1473 1817 1539 1850 pre
1559 1805 1695 1840 ceteris

357 1869 506 1900 tuscum
532 1869 592 1900 est
616 1866 878 1911 turpissimum
927 1889 1695 1900 ..............

358 1924 412 1958 De
441 1924 635 1968 ydiomate
661 1924 1009 1964 Romandiolorum‚
1036 1925 1074 1958 et
1100 1923 1146 1958 de
1173 1922 1398 1967 quibusdam
1422 1921 1694 1967 transpadinis,

360 1984 399 2018 et
423 1983 605 2028 precipue
633 1982 678 2017 de
704 1984 841 2017 ueneto
925 2006 1696 2018 ..............

360 2040 468 2076 Facit
494 2052 674 2086 magnam
700 2040 975 2075 discussionem
1001 2040 1046 2074 de
1071 2039 1265 2083 ydiomate
1292 2038 1588 2073 Bononiensium
1628 2065 1635 2072 .
1688 2065 1695 2072 .

363 2098 469 2141 Quod
505 2099 545 2133 in
580 2098 754 2144 quolibess
777 2099 971 2143 ydiomate
999 2100 1056 2132 est
1082 2097 1227 2142 aliquid
1252 2097 1434 2142 pulcrum,
1463 2099 1501 2132 et
1525 2096 1564 2130 in
1589 2096 1695 2131 nullo

361 2157 488 2192 omnia
514 2157 647 2203 pulcra
694 2179 1697 2192 ..................

362 2215 469 2258 Quod
497 2228 542 2251 ex
569 2215 698 2250 multis
716 2215 974 2260 ydiomatibus
993 2216 1060 2249 fiat
1078 2227 1195 2249 unum
1211 2214 1399 2259 pulcrum;
1427 2215 1466 2248 eh
1482 2213 1576 2248 facit
1593 2224 1696 2247 men-

359 2274 505 2310 tionem
532 2275 579 2310 de
606 2274 700 2309 Cino
727 2273 952 2309 Pistoriensi
984 2297 1696 2309 .............

361 2332 415 2367 De
444 2332 672 2368 excellentia
697 2331 866 2378 uulgaris
894 2331 1130 2377 eloquentie;
1158 2333 1195 2366 et
1221 2330 1323 2374 quod
1348 2329 1517 2365 comunis
1544 2331 1602 2364 est
1619 2340 1695 2364 om-

362 2390 474 2428 nibus
499 2391 660 2426 Ytalicis
687 2413 1696 2427 ..................

1746 2271 1791 2306 35

1747 2387 1791 2422 36
