1876 2615
365 44 538 79 DANTIS
564 44 626 78 DE
654 45 868 79 VULGARI
896 45 1206 88 ELOQUENTIA
1232 49 1243 81 I
1272 51 1373 83 5-6.
1566 54 1618 93 15

117 159 209 201 sine
241 158 385 200 uerbis
419 158 613 200 archana
644 163 796 200 nostra
828 159 1049 202 discernat
1082 163 1211 203 etiam
1244 167 1345 204 ante
1370 178 1497 216 quam
1521 181 1614 217 nos,

117 243 213 271 cum
244 228 321 269 illa
352 229 599 269 reuerentia
631 228 812 270 dicimus
845 243 932 282 qua
963 231 1025 270 uti
1049 236 1234 283 oportet,
1270 246 1365 273 cum
1389 233 1440 274 (le
1464 239 1615 278 eterna

116 298 342 340 uoluntate
387 298 552 351 aliquid
596 298 850 349 iudicamus,
899 300 1015 352 quod
1058 300 1159 342 licet
1201 301 1306 343 deus
1340 303 1482 353 sciret,
1527 306 1671 347 1111015)

107 367 332 422 presciret,
366 367 482 420 quod
505 367 620 409 idem
644 374 708 409 001
730 372 940 421 quantum
963 369 1019 410 ad
1043 369 1182 419 deum,
1208 371 1372 423 absque
1396 372 1615 416 locutione

105 442 367 491 conceptum
416 437 544 490 primi
588 437 817 490 loquentis,
867 438 1006 479 uoluit
1053 444 1198 480 tamen
1233 445 1275 481 et
1307 442 1447 494 ipsum
1480 443 1612 497 loqui,

105 512 154 548 ut
200 508 244 548 in
293 506 586 560 explicatione
633 512 756 548 tante
804 508 917 549 dotis
950 509 1214 561 gloriaretur
1245 511 1336 564 ipse
1371 513 1442 565 qui
1474 515 1611 566 gratis
1636 523 1665 550 18

105 577 352 619 dotauerat.
416 577 475 618 Et
506 577 603 618 ideo
638 577 849 619 diuinitus
881 579 925 619 in
959 579 1083 620 nobis
1117 593 1207 621 esse
1242 581 1505 623 credendum
1536 589 1612 633 est,

105 647 222 700 quod
256 653 357 688 actu
399 651 647 688 nostrorum
681 647 916 689 affectuum
949 648 1152 690 ordinato
1186 649 1394 703 letamur3
1438 658 1479 693 et
1511 653 1613 694 hinc

104 717 278 770 penitus
310 717 466 758 elicere
498 730 725 770 possumus
758 716 900 758 locum
933 718 1053 759 illum
1087 719 1159 760 ubi
1193 719 1363 762 effutita
1386 728 1451 762 est
1473 724 1613 776 prima
1632 731 1663 759 21

104 787 292 838 locutio;
341 787 559 840 quoniam,
608 788 642 827 si
689 792 813 828 extra
860 788 1111 841 paradisum
1150 788 1327 830 afflatus
1372 796 1435 832 est
1468 792 1610 854 homo,

105 861 240 906 extra,
287 857 322 897 si
368 871 472 898 uero
519 857 649 907 intra,
698 857 815 898 intra
859 858 991 899 fuisse
1034 858 1176 899 locum
1208 860 1346 913 prime
1379 861 1613 904 locutionis

108 926 418 968 conuincimus.
1632 940 1666 967 ‘24

225 1019 411 1063 Voniam
460 1019 688 1073 permultis
734 1033 784 1061 ac
832 1019 1014 1061 diuersis
1061 1020 1353 1074 ydiomatibus
1391 1026 1657 1078 negotium6

107 1013 215 1152 Q
252 1090 517 1131 exercitatur
562 1089 820 1140 humanum,
876 1091 939 1132 ita
984 1091 1100 1143 quod
1150 1092 1273 1133 multi
1322 1094 1471 1136 multis
1523 1110 1611 1137 non

105 1161 232 1202 aliter
262 1159 564 1212 intelligantur
595 1172 673 1212 per
695 1159 830 1200 uerba
853 1173 982 1212 quam
1005 1160 1098 1201 sine
1120 1162 1277 1212 uerbis,
1313 1163 1365 1204 de
1389 1164 1609 1217 ydioinate
1628 1172 1645 1199 3

104 1230 179 1272 illo
220 1230 373 1271 uenari
419 1242 498 1270 nos
531 1228 668 1277 decet,
718 1242 802 1281 quo
835 1228 902 1270 uir
934 1230 1027 1270 sine
1059 1237 1210 1281 matre,
1259 1233 1326 1273 uir
1358 1234 1449 1275 sine
1482 1234 1608 1286 lacte,

106 1301 179 1353 qui
208 1314 289 1341 nec
320 1298 580 1353 pupillarem
613 1303 772 1340 etatem
795 1313 875 1340 nec
899 1300 1007 1341 uidit
1029 1300 1239 1351 adultam,
1277 1303 1469 1345 creditur
1493 1319 1607 1346 usus.

107 1380 158 1410 in
190 1369 284 1419 hoc,
327 1369 438 1410 sicut
479 1368 609 1409 etiam
638 1369 683 1409 in
716 1367 863 1410 multis
897 1369 1006 1420 aliis,
1047 1370 1299 1412 Petramala
1332 1373 1486 1415 ciuitas
1520 1389 1606 1416 am·
1627 1381 1645 1409 6

104 1439 298 1492 plissima
330 1443 408 1488 est,
455 1442 496 1479 et
527 1438 672 1491 patria
716 1439 867 1480 maiori
898 1440 1016 1492 parti
1048 1439 1234 1482 filiorum
1268 1441 1428 1483 Adam.
1491 1443 1606 1485 Nam

104 1510 350 1561 quicunque
383 1512 472 1549 tam
505 1507 691 1548 obscene
724 1507 907 1548 rationis
941 1513 1018 1558 est,
1058 1514 1106 1549 ut
1136 1509 1278 1551 locum
1311 1526 1386 1553 sue
1419 1513 1608 1554 nationis

104 1577 469 1619 delitiosissimum
505 1577 655 1618 credat
688 1591 780 1618 esse
813 1578 892 1618 sub
926 1579 1031 1629 sole,
1065 1579 1134 1621 hic
1167 1581 1297 1622 etiam
1329 1596 1407 1635 pre
1440 1584 1607 1624 cunctis
1627 1590 1646 1617 9

103 1647 327 1700 proprium
372 1646 555 1699 uulgare
601 1646 769 1697 licetur,
816 1647 930 1689 idest
962 1654 1206 1691 maternam
1238 1651 1515 1702 locutionem,
1565 1658 1608 1694 et

104 1731 180 1770 per
223 1730 492 1770 consequens
539 1717 679 1758 credit
722 1717 862 1770 ipsum
907 1718 1039 1760 fuisse
1081 1719 1189 1761 illud
1228 1721 1343 1774 quod
1375 1722 1459 1764 fuit
1490 1722 1604 1764 Ade.

105 1788 196 1830 Nos
242 1793 404 1838 autem,
453 1788 521 1829 cui
567 1787 754 1829 mundus
803 1793 866 1830 est
905 1790 1051 1843 patria
1082 1791 1204 1833 uelut
1234 1791 1424 1845 piscibus
1457 1806 1605 1846 equor,
1629 1799 1661 1827 12

200 1927 241 1961 14
266 1927 312 1962 de
339 1937 405 1961 om.
424 1927 486 1961 CT
598 1928 637 1961 17
666 1930 703 1962 et
728 1929 847 1962 om.B
958 1930 1003 1965 20
1027 1930 1128 1974 quod
1154 1931 1191 1964 in
1219 1934 1305 1966 actu
1321 1932 1357 1966 B
1406 1932 1605 1967 effectuum

103 1985 212 2027 BGT,
238 1997 328 2022 corr.
349 1987 510 2021 Trissino
581 1986 754 2021 letamini
781 1986 870 2031 (ΟΠ
948 1988 990 2022 21
1020 1988 1159 2033 eligere
1190 1989 1255 2023 OT
1323 1990 1437 2024 23—4
1462 1989 1604 2024 locutio

103 2043 333 2079 conuicimus
363 2044 427 2079 ΟΥ

193 2102 217 2137 6
241 2102 262 2136 3
287 2102 526 2147 intelligatur
551 2114 620 2148 per
644 2103 761 2138 uerba
788 2103 858 2145 GT,
889 2104 1127 2150 intelligatur
1152 2105 1277 2140 uerbis
1304 2106 1341 2140 B
1435 2106 1456 2140 5
1482 2117 1603 2150 neque

101 2158 312 2205 pupilarem
340 2160 405 2195 GT
475 2162 493 2195 7
520 2161 693 2198 filiorum.
714 2161 834 2196 Adam
859 2173 946 2197 nam
969 2161 1034 2197 GT
1106 2164 1146 2198 10
1170 2163 1250 2209 ides
1270 2164 1334 2198 CT
1378 2167 1550 2198 materna
1568 2164 1603 2197 B

196 2265 239 2300 12
264 2266 309 2309 cf.
336 2265 456 2301 Ovidii
493 2266 598 2303 Fast.
626 2271 657 2308 1,
685 2270 758 2303 493
808 2267 927 2302 Omne
967 2267 1086 2302 solum
1123 2267 1215 2302 forti
1252 2267 1379 2312 patria
1418 2269 1474 2302 est
1500 2267 1601 2302 velut

101 2321 268 2366 piscibus
295 2334 446 2368 aequor.
716 2349 718 2351 ·
