1876 2615
190 77 240 114 12
431 79 604 113 DAN'rls
633 79 695 113 DE
725 78 938 114 VULGARJ
965 80 1271 122 ELOQUENTIA
1297 83 1312 116 I
1338 84 1438 117 2-4.

133 196 232 235 isin
266 200 492 248 'quantum
541 196 769 249 loquimur.
850 196 977 240 Vnde
1026 198 1061 239 si
1109 212 1310 252 expresse
1358 200 1519 242 dicenti
1566 202 1692 256 ‘pica'

187 272 411 308 resonaret
445 268 574 308 etiam
607 267 746 321 “pica“,
780 281 866 309 non
900 272 1012 309 esset
1043 268 1124 311 hoc
1157 270 1238 311 nisi
1271 273 1586 324 representatio
1619 273 1690 315 uel

186 337 372 378 imitatio
419 338 512 378 soni
560 338 674 379 illius
722 339 792 391 qui
840 341 959 391 prius
1007 338 1198 381 dixisset.
1263 341 1322 382 Et
1362 342 1422 383 sic
1455 347 1576 396 patet
1609 344 1689 385 soli

132 405 349 448 45.110111ini
398 407 545 449 datum
593 408 726 449 fuisse
774 408 905 462 loqui.
970 408 1057 450 Sed
1105 423 1239 462 quare
1282 414 1576 454 necessarium
1608 414 1689 456 sibi

184 477 311 527 foret,
347 477 538 519 breuiter
570 483 843 532 pertractare
878 492 1096 523 conemur.

137 580 158 612 3
289 582 373 626 Vm
422 584 553 636 igitur
600 583 729 625 hoino
776 599 864 626 non
914 588 1069 626 nature
1114 586 1347 636 instinctu,
1396 585 1471 628 sed
1518 587 1689 629 ratione

188 587 285 708 C
316 659 559 705 moueatur,
608 659 650 695 et
696 655 791 708 ipsa
840 655 953 696 ratio
998 655 1067 696 uel
1116 655 1231 696 circa
1274 655 1578 699 discretionem
1620 657 1690 699 uel

147 736 164 761 :³
186 726 303 767 circa
334 724 539 765 iudicium
573 725 642 765 uel
666 726 782 766 circa
806 725 1062 767 electionem
1086 726 1405 768 diuersificetur
1426 728 1469 768 in
1493 727 1688 782 singulis,

185 796 293 837 adeo
336 800 384 836 ut
416 794 505 836 fere
540 795 721 847 quilibet
752 810 831 837 sua
862 796 1041 850 propria
1074 796 1218 849 specie
1251 797 1453 838 uideatur
1483 797 1689 850 gaudere,

183 879 261 918 per
284 865 484 921 proprios
509 869 630 906 actus
653 865 722 906 uel
744 866 984 919 passiones,
1009 869 1056 907 ut
1077 865 1253 907 brutum
1277 866 1451 916 animal,
1474 868 1689 908 neminem

147 945 164 971 11
184 935 316 976 alium
334 934 576 987 intelligere
590 935 836 989 opinamur-3
856 950 937 976 nec
952 949 1029 989 per
1043 936 1314 989 spiritualem
1333 936 1688 990 speculationem,

182 1010 230 1046 ut
252 1005 467 1058 angelum,
499 1005 684 1046 alterum
707 1005 892 1046 alterum
914 1006 1096 1047 introire
1120 1006 1344 1059 contingit,
1372 1020 1467 1048 cum
1490 1007 1691 1060 grossitie

185 1080 315 1128 atque
348 1076 567 1129 opacitate
601 1076 796 1117 mortalis
830 1076 1025 1129 corporis
1059 1077 1274 1118 humanus
1319 1077 1496 1130 spiritus
1529 1078 1583 1119 sit
1615 1078 1688 1119 ob-

145 1154 162 1180 9
184 1150 342 1188 tentus.
406 1144 615 1199 Oportuit
659 1160 760 1199 ergo
794 1160 930 1199 genus
964 1146 1202 1188 humanum
1236 1148 1292 1188 ad
1325 1147 1689 1189 comunicandum

182 1217 297 1257 inter
341 1230 385 1257 se
434 1216 738 1270 conceptiones
786 1231 886 1258 suas
942 1217 1120 1270 aliquod
1165 1218 1381 1259 rationale
1430 1219 1599 1271 signum
1647 1222 1689 1259 et

184 1285 383 1327 sensuale
417 1286 594 1338 habere3
641 1287 754 1339 quia,
800 1301 895 1328 cum
930 1287 981 1328 de
1022 1288 1192 1329 ratione
1224 1289 1422 1342 accipere
1454 1288 1616 1329 habeat
1648 1293 1690 1329 et

130 1362 162 1390 12
182 1356 226 1396 in
271 1357 486 1397 rationem
529 1361 720 1410 portare,
763 1358 980 1399 rationale
1022 1372 1113 1399 esse
1156 1358 1374 1411 oportuit3
1421 1371 1604 1411 cumque
1637 1357 1690 1398 de

182 1439 270 1466 una
300 1426 470 1466 ratione
503 1427 546 1467 in
581 1427 710 1468 aliam
742 1428 875 1468 nichil
917 1427 1077 1469 deferri
1109 1428 1247 1482 possit
1277 1428 1360 1469 nisi
1392 1442 1469 1482 per
1501 1427 1690 1469 medium

183 1495 395 1545 sensuale,
430 1497 630 1538 sensuale
663 1511 755 1538 esse
778 1498 997 1551 oportuit:
1033 1511 1182 1551 quare,
1216 1498 1250 1538 si
1279 1501 1450 1539 tantum
1473 1497 1691 1539 rationale

129 1574 161 1601 15>
183 1570 309 1615 esset,
357 1568 626 1619 pertransire
672 1582 760 1609 non
802 1572 968 1622 posset3
1018 1568 1053 1609 si
1085 1572 1257 1609 tantum
1290 1568 1502 1620 sensuale,
1551 1582 1632 1610 nec
1664 1582 1690 1610 a

182 1636 354 1677 ratione
387 1636 585 1690 accipere
617 1652 699 1679 nec
729 1639 774 1679 in
808 1639 1023 1680 rationem
1057 1638 1276 1691 deponere
1298 1638 1528 1692 potuisset.
1589 1638 1689 1679 Hoc

182 1705 381 1759 equidem
414 1707 583 1759 signum
622 1712 687 1749 est
718 1708 859 1761 ipsum
893 1708 1134 1750 subiectum
1167 1708 1314 1750 nobile
1346 1708 1398 1749 de
1432 1722 1516 1761 quo
1548 1708 1687 1760 loqui-

130 1783 161 1811 18
181 1790 298 1816 mur:
332 1790 433 1817 nam
457 1777 655 1819 sensuale
678 1778 781 1831 quid
805 1782 881 1829 est,
905 1779 949 1819 in
973 1782 1184 1831 quantum
1207 1792 1338 1820 sonus
1362 1783 1438 1828 est,
1472 1777 1690 1819 rationale

182 1859 300 1896 uero,
344 1846 389 1887 in
433 1851 643 1899 quantum
685 1847 851 1900 aliquid
891 1846 1136 1900 significare
1169 1846 1344 1888 uidetur
1376 1847 1432 1889 ad
1464 1848 1686 1902 placitum.

130 1959 157 1993 4
276 1952 344 1995 Oli
390 1953 553 1994 homini
599 1952 749 1994 datum
793 1953 874 1995 fuit
915 1958 964 1995 ut
994 1953 1260 2007 loqueretur,
1304 1956 1352 1994 ut
1385 1966 1436 1993 ex
1468 1953 1688 2006 premissis

303 2023 582 2065 manifestum
632 2028 707 2066 est.
786 2024 917 2066 Nunc
964 2038 1135 2077 quoque
1190 2023 1541 2078 inuestigandum
1598 2036 1689 2064 esse

142 2109 158 2136 3
183 2093 394 2145 existimo,
441 2094 509 2135 cui
555 2093 776 2135 hominum
824 2094 1010 2147 primum
1054 2093 1217 2135 locutio
1258 2093 1362 2135 data
1394 2093 1462 2144 sit,
1512 2097 1554 2135 et
1586 2093 1688 2147 quid

271 2209 316 2243 43
343 2209 402 2243 hic
428 2210 464 2244 B
581 2212 628 2245 44
654 2210 814 2245 mutatio
844 2210 936 2255 (XT)

274 2267 297 2303 3
321 2269 341 2303 5
366 2268 547 2302 niminem
577 2268 639 2304 CT
743 2269 835 2304 8—9
861 2269 1073 2304 obtectusB
1180 2271 1200 2304 9
1227 2268 1427 2303 corcandas
1455 2269 1489 2302 B

181 2326 223 2361 10
250 2326 550 2371 contemptiones
580 2326 642 2362 OT
772 2327 811 2361 11
841 2337 924 2361 eum
955 2326 1000 2361 de
1027 2327 1102 2372 (B),
1130 2327 1289 2362 eundem
1321 2326 1385 2361 CT
1500 2327 1543 2362 13
1568 2327 1687 2362 nichil

179 2384 311 2418 defferi
339 2384 408 2426 OT,
435 2384 508 2419 nisi
534 2385 675 2420 deferri
701 2386 736 2420 B
