1876 2615
274 60 328 99 66
533 56 708 91 DANTIS
735 55 798 90 DE
823 55 1038 91 VULGARI
1065 54 1376 98 ELOQUENTIA
1402 56 1439 91 II
1465 57 1516 91 13.

267 177 301 218 si
335 190 431 218 cum
460 175 634 216 rithimo
658 175 702 216 in
726 174 947 216 silentium
973 173 1145 216 cadant.
1208 172 1264 214 In
1286 172 1468 227 pedibus
1490 187 1594 215 uero
1619 186 1775 215 cauen-

268 246 368 288 dum
402 251 492 297 est3
526 249 568 286 et
591 244 894 286 habitudinem
919 244 1139 298 quandam
1164 248 1385 285 seruatam
1409 257 1501 285 esse
1522 244 1781 286 inuenimuS.

212 325 246 352 3¹³
267 317 325 359 Et
371 316 677 358 discretionem
725 314 937 356 facientes
986 315 1168 356 dicimus
1216 313 1332 368 quod
1372 328 1448 368 pes
1479 313 1551 355 uel
1582 313 1678 368 pari
1710 313 1782 355 uel

268 387 425 440 impari
447 390 585 427 metro
609 385 875 438 completur,
911 388 953 425 et
976 385 1207 438 utrobique
1232 385 1439 426 comitata
1463 388 1505 425 et
1525 384 1783 425 incomitata

267 456 513 498 desinentia
545 469 638 496 csse
670 458 831 508 potest.
895 454 1012 495 Nam
1043 455 1086 496 in
1119 454 1217 508 pari
1249 459 1387 496 metro
1420 468 1546 496 nemo
1588 453 1782 507 dubitat;

216 535 250 561 τῖε)
268 528 312 568 111
347 526 432 567 alio
466 539 584 575 uero,
619 525 655 566 si
688 524 782 577 quis
817 523 974 565 dubius
1008 528 1084 575 est,
1119 525 1374 566 recordetur
1407 538 1458 566 ea
1491 538 1574 578 que
1597 524 1782 567 diximus

268 597 312 638 in
345 595 666 650 preinmediato
701 594 894 647 capitulo
929 595 981 635 de
1003 594 1235 644 trisillabo,
1271 595 1445 648 quando
1468 609 1571 649 pars
1596 596 1784 637 existens

271 664 587 709 endecasillabi
633 664 754 706 uelut
798 678 874 705 660
907 664 1156 718 respondet.
1218 664 1279 706 Et
1310 665 1345 706 si
1376 665 1420 705 in
1454 665 1592 707 altero
1624 665 1783 719 pedum

216 746 250 773 42
271 741 486 780 exsortem
528 735 694 776 rithimi
728 735 1018 776 desinentiam
1053 748 1144 775 esse
1178 735 1416 787 contingat,
1461 735 1706 776 omnimode
1738 735 1784 776 in

272 808 412 849 altero
447 806 529 847 sibi
569 805 831 847 instauratio
865 804 954 846 fiat.
1020 803 1067 846 Si
1098 817 1205 845 uero
1238 804 1430 857 quelibet
1462 804 1707 847 desinentia
1737 805 1783 847 in

272 878 411 920 altero
443 876 555 931 pede
586 876 750 917 rithimi
784 875 1051 916 consortium
1084 873 1259 924 habeat,
1291 874 1336 914 in
1363 875 1502 917 altero
1525 880 1656 929 prout
1677 875 1785 918 libet

215 957 250 984 45
270 947 436 989 referre
481 946 552 988 uel
592 946 808 987 innouare
849 944 1116 986 desinentias
1148 943 1262 996 licet,
1308 945 1379 986 uel
1410 946 1607 988 totaliter
1637 947 1708 988 uel
1739 948 1785 988 in

271 1023 411 1074 parte,
447 1017 678 1058 dumtaxat
708 1015 1037 1070 precedentium
1071 1014 1177 1057 ordo
1202 1020 1400 1056 seruetur
1421 1016 1465 1057 in
1486 1020 1643 1069 totum,
1677 1021 1786 1071 puta

274 1090 309 1131 si
357 1092 549 1130 extreme
598 1086 841 1128 desinentie
889 1085 1088 1136 trimetri,
1136 1085 1218 1127 hoc
1266 1089 1330 1127 est
1370 1086 1512 1139 prima
1544 1092 1586 1128 et
1617 1087 1783 1138 ultima,

221 1166 254 1193 45
277 1158 607 1212 concrepabunt
628 1157 673 1198 in
696 1157 835 1210 primo
860 1156 983 1210 pede,
1008 1156 1069 1197 sic
1088 1155 1267 1197 secundi
1285 1160 1500 1197 extremas
1517 1156 1784 1199 desinentias

275 1229 484 1271 conuenit
526 1240 815 1280 concrepare3
859 1230 900 1267 et
946 1225 1118 1279 qualem
1151 1239 1195 1266 se
1227 1226 1270 1266 in
1304 1226 1443 1279 primo
1475 1225 1620 1267 media
1650 1226 1783 1278 uidet,

275 1300 525 1342 comitatam
563 1297 736 1352 quidem
770 1296 841 1337 uel
872 1296 1186 1345 incomitatam,
1219 1295 1320 1336 talis
1352 1296 1397 1336 in
1429 1294 1618 1337 secundo
1641 1309 1784 1338 resur-

217 1379 249 1407 51
274 1376 370 1423 gat3
423 1373 465 1411 et
512 1369 573 1410 sic
621 1367 674 1409 de
723 1366 819 1408 aliis
850 1365 1034 1421 pedibus
1068 1370 1133 1407 est
1165 1365 1442 1407 seruandum.
1505 1366 1556 1407 In
1587 1366 1786 1408 uersibus

274 1454 446 1494 quoque
479 1439 570 1481 sere
603 1451 773 1491 semper
804 1436 888 1478 hac
920 1436 1016 1490 lege
1048 1435 1336 1490 perfruimur3
1372 1440 1414 1478 et
1440 1436 1562 1478 ‘fere'
1588 1436 1784 1488 dicimus,

275 1512 378 1565 quia
410 1514 593 1565 propter
623 1507 1030 1549 concatenationem
1053 1511 1332 1561 prenotatam
1356 1511 1398 1548 et
1421 1507 1786 1549 combinationem

222 1595 256 1623 :A
277 1581 622 1624 desinentiarum
666 1578 920 1620 ultimarum
963 1576 1225 1631 quandoque
1268 1577 1463 1619 ordinem
1504 1578 1591 1619 iam
1623 1576 1786 1619 dictum

274 1651 469 1707 peruerti
502 1649 728 1703 contingit.
793 1648 1009 1690 Preterea
1040 1647 1166 1689 nobis
1200 1650 1309 1691 bene
1342 1648 1575 1689 conuenire
1597 1647 1784 1699 uidetur,

275 1725 323 1764 ut
371 1735 452 1774 que
502 1719 703 1761 cauenda
750 1722 852 1760 sunt
900 1718 1017 1760 circa
1060 1718 1285 1769 rithimos,
1337 1718 1439 1760 huic
1484 1717 1785 1772 appendamus

222 1803 255 1834 57
277 1790 482 1846 capitulo,
508 1804 603 1832 cum
626 1789 672 1830 in
693 1789 777 1830 isto
800 1788 912 1830 libro
935 1788 998 1829 nil
1020 1788 1202 1829 ulterius
1225 1788 1278 1829 de
1293 1788 1567 1829 rithimorum
1586 1787 1786 1829 doctrina

274 1866 457 1914 tangere
487 1859 778 1901 intendamus.
845 1858 950 1900 Tria
984 1872 1086 1912 ergo
1120 1862 1221 1899 sunt
1250 1872 1332 1911 que
1365 1858 1481 1899 circa
1512 1857 1786 1899 rithimorum

274 1932 536 1987 positionem
568 1930 701 1985 potiri
734 1928 918 1970 dedecet
951 1929 1091 1970 aulice
1123 1932 1388 1982 poetantem.
1451 1927 1599 1969 Nimia
1621 1926 1785 1968 scilicet

171 1991 174 1994 Α
222 2017 256 2045 eo
277 2001 470 2044 eiusdem
502 2000 666 2042 rithimi
698 2000 986 2054 repercussio,
1022 1999 1105 2040 nisi
1136 1998 1250 2040 forte
1282 2012 1444 2040 nouum
1466 1997 1632 2051 aliquid
1656 2001 1787 2051 atque

277 2073 543 2115 intentatum
575 2071 682 2113 artis
715 2069 799 2112 hoc
833 2069 915 2112 sibi
937 2074 1161 2124 preroget3
1195 2073 1244 2111 ut
1264 2069 1485 2111 nascentis
1507 2068 1658 2110 militie
1681 2066 1786 2117 dies,

277 2143 351 2197 qui
375 2157 467 2184 cum
492 2141 617 2183 nulla
638 2141 924 2195 preroga-tiua
946 2154 1068 2182 suam
1090 2139 1345 2194 indignatur
1364 2140 1578 2194 preterire
1601 2138 1784 2190 dietam;

370 2261 412 2296 37
439 2259 675 2293 incomutata
693 2257 763 2291 CT
861 2258 904 2291 41
934 2266 996 2291 660
1016 2258 1051 2292 Β
1149 2258 1194 2292 42
1221 2257 1368 2298 desine3
1395 2258 1466 2291 CT
1563 2256 1608 2290 49
1635 2254 1786 2300 qualem

275 2320 314 2355 in
341 2331 379 2354 se
405 2319 444 2353 in
464 2318 499 2350 B
597 2318 643 2353 54
668 2316 924 2352 desinentium
943 2317 1013 2351 BC
1022 2317 1068 2361 T,
1096 2327 1183 2352 corr.
1202 2316 1369 2351 Giuliani
1462 2317 1505 2350 55
1532 2315 1730 2358 contingat
1748 2314 1783 2346 Β

276 2379 321 2413 56
346 2379 389 2412 ut
412 2387 477 2411 om.
497 2376 528 2410 C
537 2375 567 2409 Τ
642 2375 816 2410 rithimas
843 2375 874 2409 G
883 2377 914 2409 T
1076 2376 1119 2410 57
1146 2374 1263 2410 nichil
1290 2375 1326 2407 B
1485 2375 1530 2410 58
1556 2375 1688 2409 contra
1711 2372 1784 2407 CT

276 2437 320 2471 62
345 2434 629 2482 prerogatiuam
656 2435 727 2469 BC
737 2434 768 2468 T
