1876 2615
97 660 365 714 INCIPIT
407 660 622 712 LIBER
655 660 750 712 DE
777 661 1094 713 VVLGARI
1124 662 1595 728 ELOQVENTIA

235 743 501 795 DANTIS
538 742 938 795 ALAGHERII
982 744 1450 798 FLORENTINI.

196 923 281 967 Vm
313 923 528 964 neminem
561 926 662 963 ante
693 935 773 963 nos
807 921 858 962 de
890 921 1084 975 uulgaris
1117 922 1364 975 eloquentie
1397 922 1598 964 doctrina
1625 927 1641 961 1

96 932 193 1052 C
225 994 456 1047 quicquam
495 992 768 1034 inueniamus
810 996 1045 1042 tractasse,
1090 996 1220 1045 atque
1261 992 1392 1033 talem
1432 992 1598 1033 scilicet

93 1063 386 1117 eloquentiam
407 1063 581 1117 penitus
605 1062 803 1104 omnibus
833 1063 1126 1104 necessariam
1150 1062 1388 1113 uideamus,
1423 1077 1518 1104 cum
1542 1061 1597 1103 ad
1616 1078 1633 1106 3

94 1147 188 1174 eam
209 1147 296 1175 non
320 1136 492 1175 tantum
514 1132 608 1183 uiri,
642 1132 715 1173 sed
741 1132 871 1173 etiam
894 1132 1097 1174 mulieres
1121 1137 1164 1174 et
1185 1132 1361 1186 paruuli
1384 1133 1596 1182 nitantur,

92 1203 136 1244 in
161 1208 370 1256 quantum
388 1207 547 1244 natura
563 1203 788 1256 permittit,
811 1202 1008 1244 uolentes
1027 1203 1331 1244 discretionem
1349 1202 1597 1256 aliqualiter

93 1272 288 1314 lucidare
333 1273 520 1319 illorum,
570 1273 642 1326 qui
681 1277 890 1326 tanquam
924 1273 1014 1314 ceci
1047 1272 1274 1314 ambulant
1303 1286 1381 1326 per
1412 1271 1594 1326 plateaS,
1616 1289 1634 1316 6

94 1342 335 1395 plerunque
368 1343 591 1384 anteriora
621 1342 866 1396 posteriora
888 1346 1107 1396 putantes,
1141 1342 1276 1384 uerbo
1300 1343 1521 1396 aspirante
1545 1341 1597 1382 de

95 1412 210 1460 celis,
255 1412 464 1454 locutioni
506 1412 753 1466 uulgarium
798 1413 990 1465 gentium
1035 1412 1242 1466 prodesse
1275 1411 1595 1465 temptabimus,

94 1496 181 1523 non
204 1482 342 1523 solun]
365 1496 521 1535 aquam
546 1482 685 1524 nostri
702 1482 865 1535 ingenii
885 1482 940 1523 ad
957 1487 1128 1523 tantum
1143 1482 1347 1536 poculum
1363 1482 1594 1531 aurientes,
1614 1499 1632 1526 9

93 1551 168 1592 sed
209 1552 464 1605 accipiendo
498 1551 570 1592 uel
604 1551 880 1604 compilando
915 1551 968 1592 ab
1003 1552 1112 1602 aliis,
1147 1552 1322 1605 potiora
1353 1552 1595 1602 miscentes,

92 1624 140 1661 ut
167 1621 321 1662 exinde
342 1621 574 1674 potionare
596 1622 811 1674 possimus
836 1621 1129 1662 dulcissimum
1153 1621 1454 1675 ydromellum.
1510 1619 1598 1663 Sed

93 1691 194 1744 quia
238 1704 582 1744 unamquanque
632 1690 876 1732 doctrinam
924 1695 1097 1744 oportet
1142 1706 1229 1731 non
1268 1690 1471 1745 probare,
1521 1690 1598 1731 sed
1618 1706 1650 1734 12

92 1774 214 1801 suum
260 1761 431 1814 aperire
479 1760 731 1811 subiectum,
776 1764 824 1801 ut
868 1760 1032 1802 sciatur
1080 1760 1182 1814 quid
1230 1761 1286 1802 sit
1319 1775 1449 1814 super
1481 1759 1597 1813 quod

89 1829 167 1871 illa
198 1835 412 1882 uersatur,
448 1830 630 1872 dicimus
663 1830 863 1871 celeriter
896 1830 1185 1881 attendentes,
1221 1830 1337 1883 quod
1370 1830 1596 1883 uulgarem

90 1899 354 1942 locutionem
398 1900 671 1955 appellamus
719 1914 835 1951 eam,
882 1914 968 1954 qua
1012 1900 1206 1942 infantes
1254 1900 1494 1942 assuefiunt
1540 1899 1594 1941 ab
1618 1918 1649 1946 15

91 1969 406 2021 assistentibus,
441 1984 537 2012 cum
569 1970 770 2024 primitus
799 1969 1066 2024 distinguere
1090 1984 1219 2012 uoces
1242 1971 1476 2024 incipiunt3
1511 1970 1594 2020 uel,

91 2039 206 2092 quod
246 2039 423 2082 breuius
465 2039 551 2081 dici
592 2043 748 2094 potest,
793 2040 1018 2093 uulgarem
1050 2040 1315 2082 locutionem
1350 2040 1593 2089 asserimus,

182 2155 321 2200 Incipit
345 2156 545 2191 Rectorica
570 2156 695 2191 dantis
719 2156 763 2197 B,
798 2156 938 2200 Incipit
963 2156 1060 2191 liber
1088 2157 1132 2190 de
1158 2156 1308 2200 uulgari
1336 2155 1487 2199 eloquio
1515 2155 1594 2188 siue

88 2212 270 2248 idiomate
295 2213 419 2248 editus
445 2225 514 2259 per
540 2214 693 2249 dantem
723 2214 788 2248 CT

181 2271 202 2305 3
226 2271 443 2306 necessaria
469 2271 536 2306 CT
662 2273 685 2305 4
707 2282 752 2306 ea
781 2273 818 2306 Β
937 2273 957 2305 5
984 2271 1177 2316 permictit
1202 2270 1307 2305 BCT
1427 2270 1448 2304 8
1474 2272 1595 2304 tenta-

87 2327 211 2362 bimus
242 2328 278 2370 C,
307 2330 406 2363 tant·
426 2330 458 2363 T
552 2331 593 2364 12
619 2341 694 2364 non
722 2330 845 2364 solum
870 2329 1032 2374 probare
1059 2329 1094 2362 B
1194 2330 1236 2363 15
1265 2339 1345 2363 eam
1366 2339 1477 2372 quam
1498 2327 1597 2363 GTR

91 2386 133 2420 16
159 2385 443 2422 adsistentibus.
496 2387 587 2422 Cum
617 2387 682 2423 OT
