1876 2615
213 63 269 102 528
479 60 655 95 DANTIS
682 60 745 95 DE
771 60 987 96 VULGARI
1013 60 1321 104 ELOQUENTIA
1349 63 1365 97 I
1395 63 1447 97 12.

213 177 308 229 bat3
343 182 384 219 et
419 177 519 230 quia
550 176 698 230 regale
731 176 887 218 solium
915 180 1008 218 erat
1032 175 1195 228 Sicilia,
1229 175 1394 218 factum
1418 181 1495 228 est,
1528 181 1576 220 ut
1598 179 1717 232 quic-

158 257 190 285 21
214 248 316 301 quid
348 248 487 289 nostri
518 247 848 301 predecessores
881 247 1124 300 uulgariter
1145 247 1438 301 protulerunt,
1473 248 1718 291 sicilianum

210 323 409 369 uocetur-3
445 317 560 371 quod
595 317 768 370 quidem
800 318 1036 358 retinemus
1070 320 1111 358 et
1143 330 1236 367 BOS,
1269 330 1349 358 nec
1381 318 1547 371 posteri
1577 319 1718 361 nostri

211 393 461 442 permutare
493 387 715 428 ualebunt.
779 387 947 437 Racha‚
995 385 1144 428 racha.
1209 386 1327 440 Quid
1360 402 1476 429 nunc
1507 393 1717 442 personat

158 466 191 494 24
212 457 318 498 tuba
350 456 574 497 nouissimi
594 455 809 504 Federici‚
844 455 947 509 quid
978 456 1291 498 tintinabulum
1324 457 1504 498 secundi
1526 457 1719 500 Karoli?

211 526 314 579 quid
359 539 523 567 cornua
564 525 775 567 Iohannis
818 530 860 567 et
891 526 1081 568 Azzonis
1126 526 1427 568 marchionum
1458 527 1719 581 potentum?

211 595 312 649 quid
361 595 545 637 aliorum
592 600 847 649 magnatum
889 595 1029 637 tibie‘?
1085 596 1190 638 nisi:
1241 597 1414 648 Venite,
1464 597 1716 652 carnifices3

156 679 189 708 ετ
210 667 369 717 uenite,
404 666 665 720 altriplices3
700 667 858 717 uenite,
894 666 1080 708 auaritie
1113 671 1366 711 sectatores,
1430 666 1517 710 Sed
1548 672 1717 721 prestat

210 736 265 778 ad
312 737 585 791 propositum
631 736 845 791 repedare
894 751 1023 790 quam
1071 737 1237 779 frustra
1267 737 1411 791 loqui;
1460 741 1503 779 et
1535 737 1718 781 dicimus

210 806 338 859 quod,
387 807 421 847 si
466 807 646 860 uulgare
694 806 936 848 sicilianum
983 807 1182 861 accipere
1213 806 1428 858 uolumus,
1477 808 1716 850 secundum

155 890 189 918 3¹)
209 876 325 929 quod
355 876 503 930 prodit
536 891 561 918 a
593 877 822 930 terrigenis
855 876 1157 927 mediocribus,
1199 891 1250 918 ex
1283 891 1357 918 ore
1390 891 1575 930 quorum
1604 877 1715 919 iudi-

208 948 320 989 cium
354 947 612 989 eliciendum
645 947 831 998 uidetur,
864 946 1121 1001 prelationis
1143 946 1311 988 honore
1331 947 1506 988 minime
1539 947 1717 1001 dignum

208 1022 285 1069 est,
321 1019 422 1072 quia
454 1032 542 1059 non
575 1018 667 1059 sine
701 1017 890 1071 quodam
922 1022 1118 1071 tempore
1151 1016 1387 1071 profertur,
1421 1021 1469 1059 ut
1501 1021 1608 1071 puta
1629 1017 1714 1060 ibi:

156 1099 189 1127 :123
214 1089 410 1143 Trassemz'
456 1089 495 1130 (Γ
545 1092 624 1130 este
667 1089 821 1141 focora,
868 1103 913 1131 se
944 1089 969 1130 t’
1015 1092 1098 1130 est-e
1131 1103 1157 1129 a
1190 1088 1412 1130 bolovtate.
1477 1087 1525 1130 Si
1567 1091 1713 1129 autem

206 1158 346 1212 ipsum
381 1159 579 1212 accipere
611 1158 824 1209 uolumus,
859 1158 1095 1200 secundum
1130 1158 1246 1211 quod
1279 1158 1332 1200 ab
1367 1172 1442 1200 ore
1473 1159 1712 1213 primorum

208 1227 455 1270 Siculorum
496 1233 685 1280 emanat,
719 1232 766 1270 ut
797 1229 842 1269 in
874 1228 1157 1283 preallegatis
1191 1227 1469 1270 cantionibus
1500 1227 1715 1282 perpendi

153 1315 186 1342 εις
206 1303 363 1352 potest,
396 1298 530 1341 nichil
565 1298 710 1340 differt
744 1299 797 1340 ab
829 1298 905 1340 illo
939 1298 1054 1352 quod
1076 1297 1467 1340 laudabilissimam
1492 1302 1569 1349 est,
1603 1298 1715 1340 sicut

204 1369 388 1412 inferius
435 1368 727 1411 ostendemus.
793 1368 931 1423 Apuli
980 1382 1152 1422 quoque
1198 1368 1327 1410 uela
1359 1368 1425 1409 sui
1473 1367 1714 1410 acerbitate

205 1439 275 1480 uel
289 1439 571 1481 finitimorum
589 1453 766 1481 suorum
784 1438 1084 1492 contiguitate,
1111 1438 1183 1491 qui
1200 1438 1391 1480 Romani
1407 1441 1448 1479 et
1464 1437 1714 1479 Marchiani

150 1524 185 1551 εν.)
205 1514 318 1560 sunt,
352 1509 540 1564 turpiter
570 1509 874 1561 barbarizant;
909 1508 1059 1550 dicunt
1092 1509 1226 1550 enim:
1271 1509 1446 1550 Volzera
1478 1509 1547 1550 che
1569 1509 1715 1550 chian-

297 1627 341 1662 2Ο
359 1628 401 1660 ut
418 1638 482 1661 om.
499 1626 563 1661 CT
631 1627 673 1661 21
692 1626 970 1672 predicessores
987 1626 1085 1671 (C)T
1161 1627 1205 1660 22
1223 1627 1423 1661 vocaretur
1442 1625 1478 1660 R
1549 1625 1593 1659 23
1611 1624 1712 1659 uale-

202 1685 298 1720 bunt
322 1685 430 1719 om.B
612 1686 657 1719 24
681 1685 861 1720 frederici
887 1686 933 1726 B,
961 1684 1125 1729 federigi
1155 1684 1185 1718 T
1369 1684 1413 1719 28
1439 1683 1624 1728 repadare
1652 1682 1717 1717 CT

203 1743 245 1777 31
273 1743 415 1778 honore
441 1753 506 1778 om.
525 1742 591 1778 CT
763 1744 810 1778 33
836 1743 1035 1778 boluntate
1065 1743 1129 1778 ΤΒ
1322 1742 1364 1777 37
1392 1741 1624 1777 ostendimus
1652 1740 1718 1775 OT

205 1813 225 1835 a
252 1811 315 1835 om.
333 1801 369 1834 B

299 1894 342 1928 23
368 1894 413 1937 cf.
442 1893 573 1928 Matth.
603 1896 634 1935 5,
655 1896 716 1929 22.

297 1954 340 1988 33
368 1953 438 1987 Est
465 1952 590 1987 tertius
616 1963 739 1988 versus
776 1953 945 1987 carminis
971 1952 1080 1987 <Rosa
1099 1952 1224 1996 fresca
1250 1950 1511 1986 aulentissz'ma'
1539 1950 1627 1985 Cieli
1649 1950 1712 1985 dal

205 2012 322 2051 Gamo,
361 2010 455 2056 quod
493 2021 538 2046 esc
575 2011 680 2045 unico
717 2010 832 2045 codiee
865 2011 1038 2045 Vaticano
1080 2013 1178 2046 3793
1203 2013 1240 2044 m
1266 2009 1398 2045 tabulis
1422 2012 1536 2044 8—11
1561 2009 1713 2057 Arclqivi

201 2070 494 2114 palaeoyraphici
521 2069 670 2104 italiam*
709 2070 791 2112 (vol.
818 2069 851 2112 Ι,
877 2068 995 2104 Roma
1029 2071 1252 2112 1884—917
1283 2067 1544 2113 depinyendum
1570 2068 1711 2102 curavit

201 2128 248 2163 E.
289 2128 455 2170 Monacz',
501 2128 688 2163 ediderunt
726 2131 878 2172 praeter
924 2128 1014 2162 alios
1050 2127 1164 2171 idem,
1207 2127 1446 2162 Orestomazia
1477 2136 1519 2169 p.
1557 2127 1710 2168 106-9‚

200 2188 246 2221 A.
274 2187 488 2229 D'Amona,
527 2187 636 2231 Studj
660 2187 756 2221 sulla
783 2187 996 2221 letteratura
1021 2186 1177 2221 italiana
1203 2185 1255 2220 ἄρ’
1275 2184 1391 2229 primi
1414 2183 1519 2218 secoli
1543 2183 1709 2227 (Ancona

201 2248 311 2287 1354)
332 2257 372 2290 p.
399 2248 600 2287 412-458,
628 2246 670 2280 P.
691 2245 920 2289 Savj-Lopez
938 2244 969 2278 (C-
989 2244 1040 2279 M.
1060 2244 1216 2287 Ray-toli,
1244 2242 1527 2278 Altitalienische
1549 2239 1709 2275 Chresto-

201 2305 330 2340 mathie
348 2304 569 2349 (Strassburq
594 2305 703 2349 1903)
723 2315 763 2348 12-
785 2306 937 2344 152-6,
969 2303 1011 2338 F.
1030 2302 1220 2342 D’Ovidio,
1258 2300 1525 2340 Versiflcazione
1550 2299 1710 2342 italiana

199 2375 216 2398 e
241 2367 318 2398 arte
336 2363 479 2406 poetic-a
506 2363 716 2398 medz'oevale
741 2362 901 2406 (Milano
926 2362 1034 2406 1910)
1056 2372 1095 2407 Ρ.
1123 2363 1331 2396 668-714.
