1876 2615
372 44 546 80 DAN'l'IS
572 44 635 79 DE
661 44 877 79 VULGARI
902 43 1210 85 ELOQUENTIA
1236 44 1267 77 Π
1297 44 1329 77 4.
1546 46 1601 85 47

105 163 192 205 Per
223 161 466 215 tragediam
498 159 763 214 superiorem
797 159 944 200 stilum
976 158 1232 209 inducimus,
1264 173 1342 212 per
1366 158 1603 200 comediam

102 233 365 282 inferiorem,
409 245 487 285 per
520 230 700 283 elegiam
733 228 878 270 stilum
910 228 1192 282 intelligimus
1224 229 1492 269 miserorum.
1557 226 1655 269 8127

103 303 269 356 tragice
316 300 516 342 canenda
558 298 777 349 uidentur,
826 302 931 339 tunc
978 298 1283 340 assumendum
1329 302 1393 340 est
1425 297 1605 350 uulgare

103 372 285 423 illustre,
334 375 377 412 et
421 383 500 424 per
546 382 814 422 consequens
860 368 1107 409 cantionem
1140 373 1314 422 oportet
1344 369 1494 422 ligare.
1559 364 1605 407 Si

104 456 209 484 uero
243 441 416 491 comice,
450 443 553 481 tunc
587 439 849 493 quandoque
882 438 1110 489 mediocre,
1152 439 1414 493 quandoque
1445 442 1605 486 humile
1624 460 1660 488 :323

105 512 286 566 uulgare
331 515 548 561 sumatur;
599 513 641 551 et
686 509 812 550 huius
860 509 1165 551 discretionem
1208 510 1252 550 in
1293 515 1448 563 quarto
1481 513 1606 555 huius

104 595 377 623 reseruamus
425 580 668 623 ostendere.
731 579 779 621 Si
827 583 971 621 autem
1016 579 1217 634 elegiace,
1267 581 1405 622 solum
1446 582 1606 625 humile

107 655 280 705 oportet
325 665 404 694 nos
449 664 631 693 sumere.
697 650 786 693 Sed
834 650 1083 692 omittamus
1130 650 1251 702 alios,
1302 655 1342 692 et
1384 666 1514 703 nunc,
1559 658 1607 695 ut
1626 668 1662 697 313

107 721 372 764 conueniens
396 725 473 773 est,
499 722 552 763 de
574 721 674 763 stilo
696 721 864 775 tragico
886 725 1218 775 pertractemus
1273 720 1384 763 Stilo
1409 723 1607 776 equidem

106 791 273 846 tragico
318 796 423 833 tunc
454 792 518 833 uti
549 791 761 843 uidemur,
805 790 979 844 quando
1015 805 1110 832 cum
1142 791 1361 845 grauitate
1393 794 1608 834 sententie

107 866 196 903 tam
241 861 445 915 superbia
490 862 729 903 carminum
764 876 891 915 quam
926 862 1265 904 constructionis
1299 861 1429 904 elatio
1463 867 1505 904 et
1539 877 1606 904 ex·
1628 879 1663 907 :3ss

108 932 312 974 cellentia
333 932 646 975 uocabulorum
671 931 921 974 concordat.
957 930 1159 986 Quando,
1185 932 1220 973 si
1238 932 1346 974 bene
1364 932 1607 986 recolimus,

108 1015 275 1043 summa
307 1003 481 1043 summis
514 1016 605 1043 esse
639 1001 770 1056 digna
801 1002 887 1043 iam
919 1001 1002 1043 fuit
1033 1002 1281 1056 probatum,
1315 1006 1357 1043 et
1378 1003 1460 1044 iste
1484 1017 1609 1056 quem

107 1071 320 1125 tragicum
353 1071 623 1126 appellamus
656 1087 846 1114 summus
879 1071 1052 1114 uidetur
1087 1086 1178 1113 esse
1210 1072 1420 1122 stilorum,
1455 1076 1498 1114 et
1534 1072 1609 1113 illa
1627 1086 1665 1115 3⁴.)

110 1154 192 1194 que
215 1155 378 1182 summe
401 1141 599 1183 canenda
622 1141 894 1183 distinximus
916 1143 999 1184 isto
1025 1142 1116 1184 solo
1140 1146 1240 1184 sunt
1262 1142 1360 1184 stilo
1386 1143 1608 1184 canenda:

109 1211 312 1254 uidelicet
355 1212 485 1266 salus,
531 1226 653 1254 amor
693 1216 736 1254 et
777 1213 928 1263 uirtus,
973 1217 1014 1254 et
1059 1227 1140 1266 que
1182 1217 1361 1267 propter
1412 1227 1462 1254 ea
1511 1227 1610 1254 con-

112 1280 304 1334 cipimus,
328 1281 429 1323 dum
451 1282 571 1324 nullo
596 1283 822 1325 accidente
843 1283 1069 1325 uilescant.
1114 1282 1282 1324 Caueat
1306 1297 1407 1337 ergo
1432 1283 1613 1336 quilibet
1630 1297 1666 1325 -12

112 1355 155 1391 et
177 1350 397 1393 discernat
418 1366 470 1394 ea
492 1367 574 1406 que
597 1353 798 1404 dicimus3
834 1357 875 1394 et
899 1353 1072 1406 quando
1096 1353 1182 1394 tria
1203 1353 1283 1394 hec
1303 1366 1411 1407 pure
1435 1358 1612 1394 cantare

111 1420 311 1472 intendit,
360 1422 430 1463 uel
478 1436 559 1476 que
607 1422 661 1464 ad
710 1437 761 1464 ea
805 1423 968 1464 directe
1002 1437 1052 1464 ac
1085 1437 1192 1476 pure
1225 1427 1444 1473 secuntur,
1493 1423 1613 1476 prius

111 1490 295 1532 Elicone
332 1496 522 1546 potatus,
561 1493 695 1535 tensis
727 1493 884 1535 fidibus
918 1498 1185 1548 assumptum
1219 1506 1368 1534 secure
1400 1492 1613 1546 plectrum
1632 1507 1668 1535 45

112 1564 203 1600 tum
250 1575 425 1603 mouere
471 1562 665 1616 incipiat.
731 1562 818 1605 Sed
866 1564 1111 1605 cautionem
1146 1567 1276 1616 atque
1309 1562 1613 1603 discretionem

112 1629 227 1671 hanc
259 1631 472 1685 accipere,
508 1633 620 1674 sicut
653 1633 791 1684 decet,
824 1633 907 1675 hoc
941 1648 1049 1688 opus
1084 1637 1126 1675 et
1156 1633 1282 1674 labor
1306 1637 1381 1683 est,
1416 1635 1620 1685 quoniam

114 1714 336 1753 nunquam
369 1702 461 1745 sine
493 1705 752 1746 strenuitate
782 1704 945 1758 ingenii
977 1708 1020 1745 et
1052 1704 1158 1745 artis
1191 1702 1447 1744 assiduitate
1479 1703 1614 1744 scien-
1634 1715 1670 1743 48

115 1774 360 1827 tiarumque
391 1773 544 1815 habitu
575 1773 667 1815 fieri
697 1778 854 1828 potest.
918 1774 977 1815 Et
998 1773 1058 1814 hii
1080 1777 1181 1815 sunt
1204 1786 1310 1826 quos
1331 1777 1462 1826 poeta
1485 1773 1614 1814 Enei-

116 1843 269 1885 dorum
312 1847 432 1885 sexto
474 1844 544 1885 dei
576 1843 757 1886 dilectos
791 1848 833 1886 et
865 1844 918 1886 ab
954 1844 1135 1885 ardente
1167 1844 1330 1884 uirtute
1362 1843 1617 1884 sublimatos

209 1949 323 1984 26-’7
350 1948 739 1984 inducimus—stilum
764 1950 869 1984 om.T
983 1949 1026 1984 ‘28
1052 1949 1171 1983 traice
1198 1950 1268 1983 CT
1320 1948 1489 1983 cauenda
1517 1946 1616 1990 (41)ss

117 2009 161 2043 29
188 2010 338 2053 oportet
363 2008 538 2043 om.BCT
676 2008 718 2042 31
746 2008 973 2043 discretione
1000 2009 1070 2042 CT
1207 2008 1250 2043 33
1276 2018 1343 2041 nos
1370 2007 1519 2050 oportet
1545 2004 1615 2037 CT

119 2066 161 2102 37
183 2066 387 2102 concordat
399 2067 670 2101 uocabulorum
691 2067 725 2099 B
822 2066 871 2101 Et
889 2067 1039 2111 quando
1059 2069 1094 2101 R
1193 2066 1237 2101 38
1255 2066 1341 2111 fuit]
1361 2066 1475 2100 fuisse
1494 2063 1616 2101 BCT.

119 2135 205 2160 corr.
214 2125 373 2160 Trissino
452 2126 524 2161 iste
544 2126 607 2171 qui
627 2137 737 2170 quem
757 2126 827 2160 CT
920 2127 963 2161 39
988 2127 1026 2161 et
1050 2136 1114 2160 om.
1135 2123 1206 2159 CT
1295 2125 1339 2158 40
1359 2122 1527 2157 cauenda
1544 2122 1614 2155 CT

119 2183 288 2218 cauenda
320 2185 391 2219 CT
494 2184 539 2218 42
559 2184 745 2219 nilescant
771 2185 806 2218 B
858 2186 1020 2220 caueant
1047 2184 1117 2217 CT
1214 2182 1259 2217 43
1285 2192 1377 2226 pure
1403 2182 1471 2215 hec
1492 2181 1566 2215 tria
1582 2181 1616 2213 B

118 2243 164 2278 45
178 2243 226 2278 ad
252 2243 426 2290 sussmum
452 2243 576 2285 BCT,
602 2245 731 2277 corrR
826 2244 872 2278 46
887 2255 968 2278 cum
990 2242 1100 2275 RCT
1151 2252 1253 2275 more
1274 2239 1342 2274 CT
1405 2239 1618 2273 cantionem

123 2301 233 2336 BCT
316 2303 360 2337 47
379 2302 549 2348 accipere
575 2301 738 2343 om.CT,
764 2302 953 2336 habereR
1003 2301 1063 2335 hic
1090 2301 1124 2333 B
1213 2301 1256 2335 50
1275 2299 1432 2334 dilectos
1460 2297 1520 2331 dei
1546 2298 1616 2331 (ΔΤ

215 2373 352 2406 47—51
380 2373 424 2416 cf.
452 2372 549 2417 Very.
569 2374 656 2407 Aen.
683 2372 742 2406 VI
762 2374 947 2406 128—131

264 2428 335 2463 Sed
360 2440 538 2464 revocare
565 2429 725 2472 gradum
751 2439 979 2474 superasque
1007 2428 1163 2462 evadere
1189 2438 1309 2468 auras,
