1876 2615
409 91 584 126 DANTIS
612 91 674 125 DE
700 90 914 125 VULGARI
940 90 1249 131 ELOQUENTIA
1275 91 1306 124 II
1333 92 1363 124 6.
1574 94 1625 131 51

136 210 250 251 hanc
282 208 454 262 quidem
476 208 596 261 prius
620 206 984 248 considerandum
1014 210 1090 256 est,
1125 206 1240 258 quod
1264 207 1635 247 constructionum
1658 218 1689 245 12

138 280 226 321 alia
247 292 439 332 congrua
461 282 538 328 est,
562 277 649 318 alia
670 290 774 318 uero
796 276 1059 328 incongrua,
1084 280 1126 316 et
1148 276 1261 328 quia,
1296 275 1331 316 si
1354 275 1637 328 primordium

137 349 248 390 bene
279 347 553 389 discretionis
586 350 734 388 nostre
766 345 1008 396 recolimus,
1051 345 1146 386 sola
1177 348 1635 398 suprema]uenamur‚

138 418 303 460 nullum
351 419 395 459 in
441 422 593 459 nostra
632 416 866 458 uenatione
899 415 1040 456 locum
1072 414 1206 456 habet
1235 415 1489 468 incongrua,
1538 415 1640 467 quia
1663 426 1692 452 15

138 503 218 530 nec
250 487 497 529 inferiorem
543 487 726 541 gradum
760 485 970 527 bonitatis
1003 486 1253 539 promeruit.
1319 484 1490 525 Pudeat
1523 498 1638 538 ergo,

139 558 301 612 pudeat
347 557 517 611 ydiotas
565 561 734 598 tantum
781 555 942 596 audere
985 555 1203 608 deinceps,
1246 559 1293 595 ut
1326 555 1381 596 ad
1416 555 1640 595 cantiones

139 631 449 681 prorumpant,
498 640 604 680 quos
649 639 736 667 non
785 625 912 666 aliter
958 625 1202 666 deridemus
1245 639 1373 677 quam
1408 639 1553 665 cecum
1588 624 1639 666 de
1663 633 1694 661 13

142 697 358 740 coloribus
405 695 756 749 distinguentem.
829 695 910 736 Est
957 701 1004 736 ut
1050 695 1226 736 uidetur
1273 709 1466 748 congrua
1514 710 1641 748 quam

142 772 370 809 sectamur.
433 765 520 808 Sed
566 780 651 807 non
697 767 875 807 minoris
915 765 1187 807 difficultatis
1221 764 1389 805 accedit
1423 765 1641 815 discretio,

141 837 392 891 priusquam
426 850 554 889 quam
588 837 806 889 querimus
841 837 1118 889 attingamus,
1159 835 1363 876 uidelicet
1395 834 1643 876 urbanitate
1663 843 1695 870 *21

141 906 449 961 plenissimam.
513 905 626 948 Sunt
674 906 831 947 etenim
879 905 1039 959 gradus
1083 905 1456 946 constructionum
1497 918 1645 957 quam-

142 975 306 1030 plures:
340 975 546 1017 uidelicet
577 974 802 1029 insipidus,
837 976 908 1028 qui
927 980 991 1016 est
1023 974 1207 1024 rudium,
1241 981 1301 1023 ut,
1325 974 1496 1015 ‘Petrus
1529 978 1647 1014 amat

143 1045 325 1087 multum
369 1045 589 1086 dominam
622 1044 828 1087 Bertam'.
893 1045 974 1087 Est
1021 1050 1063 1087 et
1095 1059 1202 1099 pure
1236 1044 1426 1099 sapidus,
1476 1044 1547 1098 qui
1581 1049 1646 1085 est
1667 1052 1701 1080 24

143 1114 382 1168 rigidorum
415 1114 646 1155 scolarium
678 1115 748 1155 uel
766 1115 1084 1168 magistrorum,
1119 1119 1179 1164 ut,
1212 1113 1352 1168 ‘Piget
1383 1129 1450 1155 me
1483 1116 1648 1156 cunctis

144 1185 308 1239 pietate
354 1185 563 1225 maiorem
613 1184 857 1238 quicunque
903 1186 947 1226 in
995 1185 1123 1226 exilio
1155 1185 1429 1226 tabescentes
1461 1186 1649 1238 patriam

146 1259 317 1296 tantum
349 1254 638 1308 sompniando
670 1255 891 1298 reuisunt'.
955 1256 1036 1297 Est
1069 1260 1111 1296 et
1143 1255 1319 1309 sapidus
1353 1259 1395 1296 et
1426 1260 1649 1305 uenustus,
1671 1261 1703 1288 27

149 1325 222 1378 qui
269 1328 334 1365 est
376 1324 650 1377 quorundam
689 1325 1048 1379 superficietenus
1080 1326 1343 1367 rethoricam
1376 1326 1650 1375 aurientium,

147 1400 207 1445 ut,
240 1393 508 1436 ‘Laudabilis
541 1393 744 1437 discretio
777 1395 1039 1437 marchionis
1072 1396 1270 1436 Estensis
1304 1400 1346 1436 et
1378 1410 1456 1436 sua
1487 1396 1651 1447 magni-

149 1463 325 1505 ficentia
368 1468 606 1517 preparata
652 1465 818 1506 cunctis
857 1465 980 1506 illum
1012 1465 1119 1506 facit
1150 1478 1242 1506 esse
1276 1464 1505 1507 dilectum.
1570 1465 1653 1507 Est
1672 1478 1708 1505 30

151 1539 194 1575 et
225 1532 401 1587 sapidus
435 1537 477 1574 et
507 1538 718 1575 uenustus
750 1535 879 1575 etiam
902 1538 944 1575 et
967 1534 1173 1584 excelsus,
1208 1534 1280 1588 qui
1303 1539 1368 1576 est
1390 1534 1650 1576 dictatorum

149 1603 396 1653 illustrium,
445 1606 505 1654 ut,
549 1603 723 1645 ‘Eiecta
770 1605 957 1645 maxima
996 1610 1123 1658 parte
1164 1604 1317 1646 florum
1351 1605 1404 1646 de
1436 1605 1532 1646 sinu
1564 1610 1652 1655 tuo,

151 1673 392 1723 Florentia,
434 1674 722 1726 nequicquam
756 1673 1029 1715 Trinacriam
1063 1673 1209 1716 Totila
1241 1674 1456 1730 secundus
1488 1675 1652 1717 adiuit’.
1674 1686 1709 1715 :3

151 1742 286 1784 Hunc
328 1742 511 1796 gradum
557 1745 891 1786 constructionis
930 1744 1337 1786 excellentissimum
1368 1746 1654 1797 nominamus,

155 1816 198 1853 et
241 1811 311 1853 hic
359 1816 425 1853 est
468 1825 593 1865 quem
639 1814 879 1866 querimus,
940 1828 1037 1856 cum
1083 1828 1286 1868 suprema
1332 1829 1561 1866 uenemur,
1609 1821 1658 1856 ut

156 1881 318 1923 dictum
364 1885 441 1923 est.
519 1881 619 1924 Hoc
665 1882 804 1924 solum
859 1883 1052 1926 illustres
1099 1885 1324 1927 cantiones
1371 1886 1654 1928 inueniuntur
1672 1903 1708 1932 35

230 2021 271 2055 13
288 2020 500 2066 incongrua
517 2024 574 2057 est
593 2023 630 2056 et
644 2021 716 2056 CT
769 2023 811 2057 14
829 2023 1071 2058 discretionis
1091 2023 1358 2069 disgressionis
1378 2023 1494 2069 (disg-
1512 2024 1593 2067 del.)
1612 2024 1658 2064 T,

158 2078 422 2124 disgressionis
449 2079 519 2114 BC
663 2091 867 2126 supprema
893 2081 940 2122 R,
979 2081 1116 2126 supina
1140 2083 1183 2124 C,
1210 2083 1385 2128 supp'ina
1414 2082 1446 2115 T

159 2137 205 2171 20
230 2136 370 2171 accidit
393 2136 425 2171 C
434 2137 466 2170 T
481 2137 548 2173 edd
689 2140 732 2174 21
759 2139 1014 2176 vrbanitatem
1046 2141 1079 2174 B
1225 2142 1270 2176 24
1296 2140 1487 2176 dominam
1523 2150 1588 2176 om.
1610 2140 1659 2181 B,

159 2194 255 2230 inter
290 2195 403 2231 lineas
427 2196 512 2231 add.
528 2196 560 2231 C
611 2198 649 2232 et
673 2209 740 2233 om.
766 2197 838 2232 ΘΤ
943 2199 987 2233 26
1013 2199 1156 2234 maiore
1185 2199 1324 2234 Parodi
1352 2198 1509 2243 Toynbee
1527 2197 1660 2233 Sauter

161 2252 204 2286 27
231 2254 454 2298 sopnpando
481 2254 527 2297 B,
556 2255 797 2301 soprimando
823 2256 855 2291 C
864 2258 894 2290 T
1039 2258 1083 2292 28
1109 2257 1444 2302 superficientenus
1472 2255 1541 2289 CT

161 2310 206 2345 29
231 2311 396 2346 extensis
422 2312 459 2347 B
578 2313 623 2348 34
647 2314 987 2350 excellentissimus
1014 2316 1045 2350 C
1054 2315 1086 2349 T
1207 2315 1250 2349 35
1276 2316 1375 2350 hunc
1401 2315 1432 2349 C
1440 2315 1472 2348 T

1388 2374 1451 2415 4*
