1876 2615
202 97 228 135 S
816 96 908 130 PRA
915 95 1101 131 EFA'MO.

202 212 410 254 habemus
452 212 680 254 lectionem
722 213 958 267 archetypi,
999 213 1112 254 unde
1145 214 1188 254 B
1220 218 1262 256 et
1304 215 1565 270 interposito
1609 231 1713 271 apo-

201 282 368 336 grapho
408 284 443 325 (J
474 287 516 324 et
542 284 579 324 T
599 283 785 325 deriuati
820 287 933 334 sunt,
968 283 1083 336 quod
1117 297 1171 325 an
1195 284 1357 327 Dantis
1392 286 1711 340 autographum

203 367 256 393 an
290 353 380 393 eius
413 353 713 407 apographum
747 352 878 394 fuerit
911 353 1070 394 nescio.

321 422 444 477 Quae
493 437 587 464 cum
635 423 698 464 ita
745 424 853 473 sint,
899 423 1046 464 variae
1091 423 1290 466 lectionis
1339 430 1602 479 apparatum
1648 427 1712 468 ita

200 493 381 543 institui,
415 497 462 534 ut
495 493 656 535 codicis
681 494 722 535 B
745 497 787 534 et
820 494 1183 534 consentientium
1217 494 1414 536 codicum
1440 495 1711 537 CTdiversi-

200 568 335 605 tatem
384 563 619 604 lectionum
666 577 850 613 0111110111,
901 563 1098 605 0οᾶ1011111
1135 563 1211 605 ΘΤ
1251 564 1493 618 peculiares
1542 580 1711 608 errores

201 647 301 674 raro
334 637 505 674 tantum
538 632 808 676 adnotarem.
873 633 1008 675 Uncis
1043 636 1054 685 (
1091 633 1105 687 )
1141 634 1439 688 comprehensi
1480 635 1710 678 lectionem

199 703 461 757 primitivam
510 703 563 744 ab
611 703 761 744 eodem
816 703 996 745 librario
1043 706 1199 757 postea
1245 708 1471 746 mutatam.
1549 705 1708 748 Ortho-

200 773 409 827 graphica
441 773 659 815 levissima
691 787 861 827 semper
893 773 1063 827 neglexi
1096 777 1139 814 et
1170 774 1214 814 in
1247 774 1432 816 indicem
1467 776 1530 817 rei
1562 776 1708 818 ortho-

200 843 435 897 graphicae
468 843 609 884 reieci.

318 912 508 956 Omnino
531 913 714 966 neglexi,
738 917 786 954 ut
807 927 888 967 par
911 918 986 964 est,
1013 913 1205 955 codicem
1228 913 1494 957 Vaticanum
1512 915 1709 969 Reginae

199 983 382 1025 latinum
428 986 540 1024 1370
581 983 681 1025 olim
714 983 836 1024 Petri
869 983 1038 1034 Bennoi,
1084 984 1244 1038 quippe
1278 984 1349 1037 qui
1383 985 1558 1027 saeculo
1591 984 1709 1029 XVI

199 1055 377 1095 ineunte
420 1068 471 1095 ex
508 1055 545 1095 VT
572 1053 817 1107 descriptus
863 1053 929 1104 sit⁷
975 1053 1211 1107 eademque
1256 1054 1308 1096 de
1351 1069 1484 1096 causa
1516 1055 1708 1096 codicem

200 1124 466 1167 Vaticanum
498 1123 683 1165 latinum
704 1125 819 1165 4817
856 1124 958 1165 olim
982 1123 1142 1177 Angeli
1167 1123 1330 1166 Colutii
1362 1125 1572 1179 philologi
1602 1124 1708 1167 folio

199 1196 284 1235 284
317 1194 462 1247 capita
495 1197 519 1234 9
553 1198 596 1235 et
631 1196 683 1235 10
715 1194 815 1235 libri
848 1193 896 1235 H
929 1194 1202 1235 exhibentem
1226 1196 1250 1236 ¹.

316 1263 477 1306 Codice
511 1264 544 1306 C
573 1265 736 1317 brimus
776 1278 879 1306 usus
922 1268 986 1305 est
1018 1263 1208 1306 Iacobus
1242 1263 1482 1306 Corbinelli
1524 1265 1580 1306 ad
1619 1265 1706 1306 edi-

197 1335 359 1376 tionem
405 1334 647 1388 principem
696 1334 876 1376 Parisiis
932 1336 1042 1375 1577
1091 1334 1210 1375 foras
1250 1334 1411 1376 datam.
1475 1334 1637 1377 Codice
1674 1336 1712 1376 T

195 1405 315 1446 nisus
339 1409 404 1446 est
420 1403 641 1446 [ohannes
662 1404 876 1458 Georgius
895 1404 1114 1445 Trissinus
1133 1404 1188 1446 ad
1205 1404 1450 1458 parandam
1468 1406 1709 1447 versionem

196 1474 390 1516 italicam
433 1488 548 1516 anno
586 1476 696 1515 1529
730 1474 961 1518 Vicentiae
994 1475 1262 1528 impressam.
1329 1475 1525 1528 Utroque
1559 1475 1708 1517 codice

194 1545 359 1598 primus
402 1558 503 1586 usus
543 1548 608 1586 est
640 1543 745 1585 Pius
779 1544 925 1598 Rajna
950 1546 1015 1600 (z
1042 1544 1099 1598 R)
1134 1544 1189 1585 ad
1224 1544 1492 1585 00111101101112
1523 1544 1708 1598 primam

195 1615 264 1656 via
298 1628 348 1657 ac
380 1615 552 1657 ratione
593 1614 816 1668 philologa
856 1616 1117 1657 instructam
1159 1620 1201 1656 et
1234 1614 1406 1668 quidem
1438 1614 1704 1668 primariam.

196 1684 400 1726 Codicem
434 1685 478 1726 B
510 1686 674 1739 primus
707 1699 786 1739 ego
821 1685 1013 1728 adhibui.

292 1802 304 1835 l
335 1800 434 1844 quod
460 1803 678 1845 excerptum
705 1800 826 1834 edidit
852 1800 885 1834 S.
915 1800 1167 1834 Debenedetti
1195 1800 1375 1844 (Gi-obers
1403 1799 1621 1834 Zeitschrift
1644 1799 1706 1832 fiir

192 1859 430 1894 romanische
456 1858 669 1903 Philologie
695 1859 751 1901 28,
782 1859 882 1903 1904,
908 1872 942 1904 p.
970 1859 1135 1903 92—93).

286 1929 307 1963 2
334 1914 541 1964 SOGIETA
558 1929 814 1965 DANTESCA
832 1928 1075 1964 ITALIANA.
1103 1929 1262 1964 OPERE
1280 1929 1453 1964 MINORI
1471 1928 1522 1963 DI
1538 1926 1704 1962 DANTE

191 1986 453 2022 ALIGHIERI.
503 1987 732 2022 EDIZIONE
761 1987 963 2022 CRITICA.
1018 1988 1046 2021 ll
1074 1989 1235 2022 trattato
1255 1988 1300 2022 de
1317 1986 1466 2032 vulgari
1485 1985 1704 2030 eloquentia

192 2055 260 2089 per
295 2055 385 2080 cura
413 2045 451 2079 di
476 2045 541 2080 Pio
567 2045 700 2090 Rajna.
753 2045 906 2080 Firenze
935 2046 1037 2081 1896.
1063 2067 1106 2070 —
1133 2045 1315 2081 Edizione
1340 2045 1496 2080 minore.
1546 2044 1702 2079 Firenze

194 2103 294 2140 1897.
