1876 2615
270 58 321 96 16
552 55 726 90 DAN'PIS
753 55 815 90 DE
842 56 1055 91 VULGARI
1082 56 1393 99 ELOQUENTIA
1418 60 1433 93 Ι
1458 58 1488 93 6.

268 186 517 225 quanquam
564 171 754 214 Sarnum
795 172 1029 215 biberimus
1071 177 1173 214 ante
1213 173 1366 216 dentes
1415 178 1456 216 et
1500 175 1779 219 Florentiam

267 241 375 283 adeo
410 242 653 296 diligamus,
689 248 735 284 ut
769 244 869 297 quia
888 243 1128 295 dileximus,
1164 244 1339 286 exilium
1361 246 1581 299 patiamur
1602 248 1775 299 iniuste,

216 326 246 354 152
266 312 427 353 rationi
462 313 598 366 magis
633 328 762 366 quam
795 314 939 355 sensui
972 314 1170 367 spatulas
1204 316 1342 356 nostri
1364 315 1512 357 iudicii
1534 316 1775 370 podiamus.

266 381 325 423 Et
359 384 556 435 quamuis
591 383 646 425 ad
680 384 951 437 uoluptatem
974 389 1169 426 nostram
1193 386 1285 427 siue
1307 390 1456 427 nostre
1479 386 1777 429 sensualitatis

267 453 455 503 quietem
496 453 539 494 in
580 454 710 495 terris
755 455 949 495 amenior
991 454 1112 496 locus
1146 470 1276 508 quam
1308 456 1538 497 Florentia
1568 470 1656 498 non
1690 459 1776 498 exi-

215 542 247 570 18
271 526 371 572 stat,
418 523 697 564 reuoluentes
731 528 773 564 et
805 528 1033 577 poetarum
1068 529 1109 566 et
1143 525 1329 567 aliorum
1362 526 1621 579 scriptorum
1653 526 1777 568 uolu-

268 592 397 643 mina,
423 593 578 645 quibus
600 593 790 634 mundus
813 595 1121 636 uniuersaliter
1145 599 1186 636 et
1208 595 1481 636 membratim
1504 595 1777 647 describitur,

270 664 672 717 ratiocinantesque
704 664 747 705 in
781 664 906 706 nobis
939 665 1196 707 situationes
1228 666 1374 706 uarias
1406 666 1555 706 mundi
1583 665 1778 708 locorum

213 751 245 779 21
269 736 310 773 et
357 746 505 774 eorum
557 733 857 775 habitudinem
904 734 959 776 ad
1008 740 1226 789 utrunque
1271 735 1421 790 polum
1469 740 1511 776 et
1569 734 1778 777 circulum

269 808 535 855 equatorem,
582 805 742 846 multas
786 819 878 847 esse
912 806 1221 860 perpendimus
1254 806 1522 858 firmiterque
1556 819 1778 847 censemus

269 878 311 914 et
358 874 495 927 magis
542 874 721 916 nobiles
763 880 806 917 et
845 878 981 930 magis
1015 876 1240 918 delitiosas
1273 882 1314 918 et
1346 876 1544 929 regiones
1577 880 1619 917 et
1650 876 1780 917 urbes

213 961 247 988 24
269 956 397 996 quan]
447 944 651 986 Tusciam
701 950 743 987 et
789 945 1072 996 Florentiam,
1121 945 1237 987 unde
1283 960 1430 987 sumus
1481 945 1690 988 oriundus
1738 950 1780 986 et

269 1014 388 1063 ciuis,
431 1019 473 1055 et
503 1014 737 1069 plerasque
778 1017 978 1058 nationes
1021 1020 1062 1057 et
1113 1020 1263 1069 gentes
1297 1015 1612 1058 delectabiliori
1649 1019 1779 1069 atque

267 1084 433 1125 utiliori
476 1098 676 1127 sermone
717 1087 781 1127 uti
828 1100 957 1140 quam
988 1086 1193 1127 Latinos.
1256 1086 1508 1128 Redeuntes
1548 1086 1681 1139 igitur
1724 1084 1780 1126 ad

214 1170 249 1199 27
269 1155 543 1208 propositum
591 1156 772 1197 dicimus
819 1160 982 1198 certam
1024 1156 1210 1198 formam
1242 1156 1477 1198 locutionis
1510 1171 1536 1198 a
1569 1156 1649 1198 deo
1683 1170 1778 1197 cum

270 1225 413 1266 anima
447 1226 588 1279 prima
636 1232 916 1268 concreatam
962 1226 1121 1278 fuisse3
1170 1226 1266 1267 dico
1315 1230 1463 1268 autem
1504 1226 1703 1277 formam,
1738 1231 1779 1267 et

278 1299 490 1348 quantum
533 1295 589 1337 ad
630 1311 773 1338 rerum
814 1297 1030 1338 uocabula
1062 1302 1104 1338 et
1136 1301 1345 1350 quantum
1378 1296 1433 1338 ad
1465 1296 1780 1338 uocabulorum

210 1379 246 1408 30
267 1367 640 1408 constructionem
685 1373 727 1408 et
760 1372 971 1421 quantum
1003 1367 1059 1408 ad
1093 1367 1430 1409 constructionis
1464 1366 1776 1421 prolationem3

267 1450 353 1490 qua
371 1436 543 1489 quidem
562 1436 705 1478 forma
722 1437 860 1478 omnis
876 1437 1025 1491 lingua
1039 1437 1310 1490 loquentium
1323 1441 1533 1488 uteretur,
1550 1436 1633 1478 nisi
1651 1437 1780 1491 culpa

266 1506 605 1560 presumptionis
623 1506 811 1548 humane
830 1506 1042 1560 dissipata
1060 1505 1224 1557 fuisset,
1249 1510 1296 1547 ut
1312 1506 1494 1548 inferius
1513 1506 1780 1548 ostendetur.

211 1587 246 1616 33
269 1576 370 1617 Hac
392 1576 534 1618 forma
557 1576 792 1619 locutionis
814 1577 985 1619 locutus
1008 1581 1074 1619 est
1091 1577 1258 1629 Adam3
1281 1577 1366 1618 hac
1388 1577 1531 1619 forma
1546 1577 1779 1619 locutionis

265 1647 400 1688 locuti
430 1652 532 1689 sunt
562 1662 711 1690 omnes
743 1649 910 1703 posteri
939 1649 1028 1690 eius
1056 1661 1194 1701 usque
1218 1647 1275 1689 ad
1305 1647 1627 1689 edificationem
1647 1647 1780 1689 turris

268 1716 421 1768 Babel,
447 1732 530 1771 que
552 1718 686 1760 turris
714 1717 982 1760 confusionis
1004 1719 1341 1772 interpretatur3
1375 1717 1490 1758 hanc
1512 1717 1695 1759 sormam
1718 1717 1779 1758 10-

364 1854 404 1888 13
432 1855 487 1899 qs}
514 1855 575 1890 GT
709 1855 749 1888 15
776 1854 924 1888 ratione
953 1853 1016 1889 OT
1144 1853 1185 1886 17
1220 1851 1381 1886 terrenis
1414 1852 1450 1885 B
1523 1862 1690 1886 amemor
1718 1852 1784 1887 CT

266 1913 339 1949 fio?
364 1913 408 1954 Β,
438 1914 497 1949 .f.
516 1913 580 1948 CT
666 1912 786 1947 exitat
816 1912 881 1947 CT
972 1912 1016 1945 24
1040 1911 1179 1945 tusiam
1207 1910 1271 1945 OT
1315 1910 1396 1946 flo'f.
1428 1910 1537 1945 BCT
1626 1910 1781 1956 2820um

269 1974 434 2006 creatam
458 1971 522 2006 CT
603 1971 744 2006 29—30
762 1973 800 2005 et
815 1992 857 1996 -
874 1970 1195 2006 constructionem
1213 1980 1279 2006 om.
1303 1969 1335 2002 T
1419 1968 1460 2003 31
1481 1977 1517 2002 11Ι
1539 1969 1582 2010 Β,
1602 1969 1641 2003 in
1662 1969 1698 2011 Ο,
1717 1977 1729 2003 ῑ
1752 1970 1784 2003 T

268 2028 312 2064 35
338 2029 451 2065 habel
482 2029 546 2064 GT
590 2029 876 2074 interpetratur
901 2029 1034 2075 (C)TR
1130 2029 1199 2062 hac
1224 2027 1328 2062 BCT
1422 2028 1546 2062 forma
1570 2028 1606 2061 B

384 2135 476 2169 4—6
504 2136 550 2179 cf.
579 2136 830 2181 Auyustinum
855 2137 897 2171 de
922 2137 985 2171 civ.
1012 2136 1069 2170 dei
1094 2138 1223 2176 16,11.
1368 2134 1411 2168 35
1437 2133 1482 2177 ef.
1515 2133 1599 2168 Gen.
1627 2137 1681 2176 11,
1702 2138 1725 2169 9
1749 2140 1781 2170 et

275 2193 466 2237 Uyutionis
486 2194 616 2228 Pisani
633 2193 874 2229 derivationes
887 2193 1006 2228 Babel
1019 2193 1292 2238 interpretatur
1307 2191 1489 2232 confusio,
1508 2192 1605 2227 unde
1620 2193 1781 2228 Babilon

269 2252 330 2285 uel
356 2251 568 2294 Babilonia,
600 2252 665 2287 ubi
693 2253 784 2288 olim
811 2253 984 2288 homines
1011 2255 1153 2287 turrem
1180 2250 1401 2286 edificantes
1427 2250 1589 2296 dispersi
1615 2254 1702 2287 sunt
1727 2253 1780 2286 in-

268 2309 383 2344 missa
423 2310 610 2346 diuinitus
645 2312 868 2347 confusione
894 2311 1106 2357 linguarum
1133 2309 1222 2354 (cod.
1250 2310 1398 2344 Monac.
1425 2310 1488 2344 lat.
1514 2312 1632 2345 14056
1651 2311 1683 2354 f.
1709 2314 1780 2353 10’”,

277 2366 475 2403 Vindobon.
503 2372 605 2406 2339
621 2370 662 2414 f.
689 2372 755 2415 9r).
