1876 2615
280 35 335 74 36
494 33 668 69 DANTIS
695 34 757 69 DE
784 34 999 70 VULGARI
1024 35 1333 78 ELOQUENTIA
1360 38 1376 72 I
1404 38 1551 73 17-18.

277 149 548 205 appellamus
588 149 792 201 illustres,
834 150 905 192 uel
946 151 1048 204 quia
1078 155 1297 205 potestate
1328 151 1563 195 illuminati
1595 153 1703 196 alios
1736 160 1778 198 et

239 221 441 263 ssiustitia
488 225 530 262 et
578 220 762 262 caritate
802 220 1064 271 illuminant,
1111 221 1182 264 uel
1215 223 1317 275 quia
1349 222 1612 265 excellenter
1642 226 1777 280 magi-

276 291 403 332 strati
436 289 699 332 excellenter
722 290 993 343 magistrent,
1026 295 1073 331 ut
1096 289 1265 332 Seneca
1287 295 1330 333 et
1351 291 1498 334 Numa
1522 292 1776 348 Pompilius.

274 361 334 402 Et
365 360 547 415 uulgare
580 360 633 402 de
666 374 750 414 quo
782 360 1012 414 loquimur,
1047 365 1089 402 et
1120 361 1399 403 sublimatum
1431 366 1496 403 est
1517 363 1779 417 magistratu

223 438 256 466 12
276 434 318 472 et
346 434 577 484 potestate,
611 434 653 472 et
686 445 786 472 suos
818 430 983 473 honore
1006 431 1212 474 sublimat
1233 436 1275 473 et
1297 431 1448 486 gloria.
1512 433 1779 487 Magistratu

275 500 448 554 quidem
480 501 758 543 sublimatum
792 501 978 552 uidetur,
1013 516 1110 543 cum
1143 502 1196 544 de
1227 506 1294 544 tot
1316 503 1496 544 rudibus
1519 503 1777 546 Latinorum

274 571 512 621 uocabulis,
538 570 591 612 de
612 575 679 613 tot
700 570 917 625 perplexis
941 573 1351 624 constructionibus,
1386 573 1438 614 de
1461 577 1528 615 tot
1550 573 1778 616 defectiuis

224 647 256 675 16
274 640 608 694 prolationibus,
659 640 712 682 de
743 644 809 682 tot
842 640 1075 682 rusticanis
1108 641 1373 694 accentibus,
1423 647 1512 684 tam
1545 643 1777 698 egregium,

274 715 364 751 tam
397 711 668 762 extricatum,
716 715 805 752 tam
837 710 1079 764 perfectum
1112 715 1154 752 et
1185 716 1275 753 tam
1307 712 1522 755 urbanum
1554 712 1779 755 uideamus

275 779 472 831 electum,
512 786 560 822 ut
592 780 726 822 Cinus
758 780 1038 822 Pistoriensis
1072 785 1115 823 et
1147 782 1311 824 amicus
1345 783 1434 825 eius
1467 782 1703 825 ostendunt
1732 784 1778 825 in

221 856 255 885 lS
276 850 551 892 cantionibus
599 851 700 892 suis.
781 849 911 904 Quod
959 854 1105 892 autem
1152 851 1392 894 exaltatum
1445 853 1500 895 sit
1546 857 1777 907 potestate,

274 920 459 961 uidetur.
522 920 581 962 Et
615 920 718 974 quid
749 920 925 962 maioris
956 922 1188 975 potestatis
1211 926 1277 964 est
1299 937 1428 976 quam
1452 924 1567 977 quod
1589 924 1779 966 humana

274 989 408 1032 corda
441 1004 619 1032 uersare
650 994 808 1045 potest,
842 992 904 1033 ita
936 996 983 1033 ut
1011 991 1232 1034 nolentem
1254 993 1473 1035 uolentem
1497 998 1539 1035 et
1560 993 1780 1035 uolentem

221 1072 253 1100 21
274 1059 496 1101 nolentem
530 1060 679 1111 faciat,
712 1061 834 1102 uelut
864 1061 1004 1115 ipsum
1033 1067 1075 1103 et
1097 1062 1200 1104 fecit
1223 1067 1265 1105 et
1286 1063 1420 1105 facit?
1481 1062 1611 1118 Quod
1635 1069 1778 1105 autem

273 1129 438 1171 honore
461 1130 676 1182 sublimet,
700 1131 744 1172 in
767 1136 971 1186 promptu
994 1136 1071 1175 est.
1124 1132 1283 1175 Nonne
1306 1133 1531 1175 domestici
1553 1134 1619 1175 sui
1640 1147 1776 1187 reges,

272 1200 559 1252 marchiones,
605 1202 783 1243 comites
829 1206 871 1244 et
907 1210 1133 1257 magnates
1167 1203 1383 1257 quoslibet
1414 1203 1534 1245 fama
1564 1202 1778 1245 uincunt‘?

219 1270 255 1298 24
273 1269 455 1312 Minime
486 1270 570 1313 hoc
598 1271 859 1326 probatione
886 1272 1065 1326 indiget.
1129 1272 1353 1328 Quantum
1383 1287 1487 1315 uero
1521 1287 1621 1315 suos
1654 1272 1777 1314 fami-

272 1339 402 1381 liares
450 1341 662 1394 gloriosos
710 1341 885 1394 efficiat,
933 1357 1012 1385 nos
1042 1343 1127 1397 ipsi
1158 1343 1370 1393 nouimus,
1421 1344 1494 1396 qui
1525 1342 1652 1384 huius
1684 1342 1778 1384 dul-

275 1410 425 1452 cedine
467 1411 604 1465 glorie
644 1417 840 1454 nostrum
875 1413 1048 1454 exilium
1080 1417 1395 1467 postergamus.
1460 1411 1608 1467 Quare
1638 1413 1779 1467 ipsum

218 1485 252 1514 27
272 1479 504 1522 illustre
538 1483 692 1524 merito
726 1482 925 1537 profiteri
957 1483 1176 1524 debemus.

204 1588 248 1622 18
404 1584 530 1639 Eque
577 1587 670 1628 sine
715 1588 887 1629 ratione
919 1588 1060 1642 ipsum
1107 1587 1289 1641 uulgare
1320 1587 1489 1629 illustre
1522 1587 1778 1629 decusamus

419 1655 662 1699 adiectione
682 1657 886 1709 secunda,
905 1658 1109 1700 uidelicet
1127 1662 1174 1700 ut
1191 1658 1236 1699 id
1255 1672 1344 1700 car
1357 1657 1505 1700 dinal
1519 1671 1540 1699 e
1562 1671 1778 1700 uocemus.

234 1739 250 1767 3
273 1722 391 1765 Nam
423 1725 534 1767 sicut
566 1730 707 1769 totum
738 1728 927 1770 hostium
958 1729 1181 1771 cardinem
1203 1729 1411 1782 sequitur,
1443 1733 1504 1779 ut,
1540 1742 1623 1782 quo
1648 1727 1780 1769 cardo

270 1795 470 1846 uertitur,
519 1802 720 1838 uersetur
766 1803 808 1839 et
848 1799 1002 1853 ipsum,
1052 1813 1127 1841 seu
1158 1799 1397 1841 introrsum
1429 1812 1504 1840 seu
1536 1802 1781 1839 extrorsum

270 1862 486 1916 flectatur,
534 1866 595 1907 sic
642 1871 684 1908 et
731 1868 963 1911 uniuersus
1011 1869 1338 1924 municipalium
1385 1882 1489 1922 grex
1535 1867 1781 1921 uulgarium

239 1950 257 1977 6
276 1935 465 1976 uertitur
497 1939 539 1977 et
585 1937 836 1987 reuertitur,
885 1943 1086 1981 mouetur
1133 1944 1175 1981 et
1206 1943 1365 1993 pausat
1397 1937 1634 1980 secundum
1666 1936 1782 1991 quod

273 2003 403 2056 istud,
440 2004 555 2059 quod
579 2006 753 2059 quidem
774 2021 877 2049 uere
898 2012 1025 2061 pater
1047 2008 1235 2050 familias
1259 2023 1351 2050 esse
1373 2008 1559 2050 uidetur.
1621 2007 1782 2049 Nonne

368 2147 410 2181 10
435 2146 600 2192 popilius
628 2148 663 2180 Β
780 2148 820 2182 18
848 2147 897 2181 sit
924 2148 1133 2182 exaltatum
1160 2148 1231 2182 GT
1354 2149 1395 2183 19
1422 2151 1550 2195 quam]
1583 2149 1683 2193 quod
1710 2149 1781 2183 CT

270 2205 314 2239 23
340 2205 581 2240 marchiones
609 2209 646 2240 et
673 2206 829 2240 comites
856 2206 927 2240 CT
1025 2206 1229 2240 uincuntur
1254 2207 1326 2240 CT
1504 2210 1547 2243 27
1573 2207 1714 2253 pfitieri
1739 2208 1781 2249 C,

271 2262 417 2307 pficieri
449 2263 480 2295 T

365 2322 411 2359 18
437 2323 454 2357 1
482 2322 670 2359 illustrem
698 2324 769 2359 CT
899 2325 920 2359 2
948 2327 1107 2361 uocetur
1138 2327 1170 2360 Β
1304 2327 1324 2360 5
1351 2327 1566 2371 uulgarium
1593 2337 1685 2371 grex
1711 2322 1783 2356 CT
