1876 2615
204 170 239 197 45)

187 397 231 430 16

259 45 315 84 34
478 42 653 77 DANTIS
680 41 742 77 DE
768 42 983 77 VULGARI
1008 42 1319 85 ELOQUENTIA
1344 44 1360 78 I
1387 44 1534 79 15—16.

258 160 444 202 aliorum
477 159 825 202 commixtionem
859 173 951 201 esse
983 173 1086 200 uere
1116 159 1269 201 latium
1302 174 1580 214 negaremus,
1625 175 1761 215 quare

258 231 292 272 si
324 230 477 271 latium
510 230 679 271 illustre
711 243 937 280 uenamur‚
983 229 1099 283 quod
1137 243 1347 271 uenamur
1378 231 1423 272 in
1455 231 1540 273 illis
1571 232 1760 273 inueniri

257 313 344 341 non
377 304 534 354 potest.

368 392 580 446 Ostquam
604 394 751 435 uenati
774 393 912 435 saltus
935 397 977 434 et
998 407 1162 448 pascua
1184 409 1329 437 sumus
1351 395 1516 447 Ytalie,
1549 410 1629 438 nec
1651 411 1758 451 pan-

393 462 562 504 theram
596 476 725 516 quam
748 465 967 517 sequimur
988 464 1304 516 adinuenimus,
1337 470 1386 508 ut
1407 467 1545 520 ipsam
1568 467 1761 521 reperire

255 532 479 586 possimus,
514 532 819 575 rationabilius
841 533 1150 588 inuestigemus
1173 535 1226 577 de
1246 535 1336 587 illa,
1370 540 1418 577 ut
1441 537 1592 578 solerti
1614 536 1760 580 studio

205 1390 236 1418 15³

203 1809 233 1836 :21

255 602 524 645 redolentem
570 603 730 657 ubique
778 608 820 646 et
862 605 1021 647 necubi
1061 611 1344 660 apparentem
1391 607 1552 648 nostris
1584 607 1760 660 penitus

255 673 502 715 irretiamus
542 674 778 718 tenticulis.
838 675 1128 718 Resumentes
1172 677 1304 730 igitur
1342 677 1561 719 uenabula
1593 681 1760 729 nostra,

229 742 440 784 ¹‚dicimus
488 743 603 797 quod
628 735 694 785 ‘in
743 746 859 786 omni
905 760 1063 799 genere
1103 760 1247 788 rerum
1279 762 1413 789 unum
1446 761 1539 789 esse
1572 751 1759 801 oportet,

257 826 341 866 quo
374 814 545 867 generis
576 814 692 856 illius
724 816 869 857 omnia
903 821 1210 870 comparentur
1242 822 1285 859 et
1316 817 1626 871 ponderentur,
1660 821 1703 860 et
1735 832 1761 860 a

257 896 340 936 quo
374 884 565 925 omnium
588 885 774 927 aliorum
796 900 1043 928 mensuram
1066 888 1343 941 accipiamus,
1378 889 1488 930 sieut
1509 888 1554 929 in
1576 902 1759 930 numero

258 957 416 995 cuncta
458 958 769 996 mensurantur
813 969 914 1007 uno,
963 960 1005 998 et
1048 957 1178 1011 plura
1209 956 1279 998 uel
1310 958 1520 1011 pauciora
1553 956 1757 998 dicuntur

255 1024 493 1065 secundum
527 1025 643 1078 quod
676 1025 842 1068 distant
874 1026 928 1069 ab
961 1041 1047 1069 uno
1080 1027 1150 1069 uel
1179 1027 1217 1069 ei
1239 1028 1551 1082 propinquant,
1585 1030 1627 1068 et
1649 1027 1763 1069 sicut

255 1094 299 1135 in
333 1094 549 1137 coloribus
582 1110 731 1138 omnes
763 1097 863 1140 albo
896 1102 1225 1150 mensurantur3
1258 1112 1360 1139 nam
1392 1097 1585 1140 uisibiles
1619 1098 1761 1151 magis

220 1174 235 1202 ·2
257 1164 462 1206 dicuntur
506 1170 548 1206 et
579 1165 732 1219 minus,
779 1167 1015 1209 secundum
1048 1167 1164 1222 quod
1196 1168 1411 1210 accedunt
1441 1168 1512 1210 uel
1544 1167 1756 1210 recedunt

257 1233 309 1275 ab
335 1233 446 1275 albo.
511 1235 570 1277 Et
591 1236 954 1289 quemadmodum
977 1237 1030 1279 de
1052 1238 1133 1279 hiis
1157 1237 1338 1280 dicimus
1362 1252 1443 1291 que
1468 1239 1757 1292 quantitatem

257 1308 299 1346 et
322 1305 578 1358 qualitatem
602 1307 849 1359 ostendunt,
872 1307 925 1349 de
946 1307 1373 1361 predicamentorum
1397 1308 1603 1361 quolibet,
1628 1308 1759 1349 etiam

257 1374 309 1417 de
342 1376 587 1418 substantia
618 1391 746 1431 posse
779 1377 863 1419 dici
893 1381 1111 1431 putamus,
1145 1377 1310 1419 scilicet
1341 1381 1389 1419 ut
1420 1377 1761 1431 unumquodque

257 1446 548 1488 mensurabile
596 1448 664 1497 sit,
712 1447 949 1489 secundum
996 1447 1111 1501 quod
1142 1448 1187 1489 in
1233 1461 1391 1501 genere
1424 1451 1500 1498 est,
1533 1446 1608 1488 illo
1641 1446 1758 1500 quod

256 1515 619 1570 simplicissimum
644 1521 708 1559 est
727 1518 772 1559 in
793 1518 888 1572 ipso
910 1531 1081 1572 genere.
1145 1517 1428 1573 Quapropter
1447 1518 1491 1559 in
1515 1517 1762 1559 actionibus

222 1599 235 1627 ς
255 1587 430 1637 nostris,
479 1592 862 1642 quantumcunque
895 1588 1149 1630 diuidantur
1178 1589 1223 1630 in
1256 1589 1434 1642 species,
1476 1588 1558 1629 hoc
1590 1588 1760 1642 signum

255 1656 443 1697 inueniri
476 1662 660 1711 oportet,
704 1672 788 1712 quo
822 1662 865 1700 et
894 1659 986 1712 ipse
1017 1662 1334 1700 mensurentur.
1399 1657 1515 1700 Nam
1546 1658 1590 1698 in
1624 1671 1760 1710 quan-

255 1730 345 1767 tum
379 1727 633 1781 simpliciter
665 1733 712 1770 ut
743 1729 939 1772 homines
979 1729 1158 1783 agimus,
1203 1731 1411 1770 uirtutem
1444 1727 1666 1778 habemus,
1712 1731 1762 1769 ut

257 1797 519 1850 generaliter
550 1798 671 1840 illam
702 1799 1017 1852 intelligamus3
1051 1813 1152 1840 nam
1175 1798 1412 1840 secundum
1434 1799 1573 1852 ipsam
1593 1797 1757 1839 bonum

258 1871 300 1909 et
330 1867 491 1909 malum
522 1868 739 1910 hominem
761 1869 1023 1919 iudieamus;
1057 1869 1101 1910 in
1125 1872 1335 1923 quantum
1358 1872 1406 1909 ut
1427 1868 1623 1910 homines
1646 1868 1763 1909 ciues

257 1938 436 1990 agimus,
469 1938 678 1980 habemus
710 1939 861 1993 legem,
897 1940 1134 1981 secundum
1157 1954 1286 1993 quam
1309 1939 1468 1980 dicitur
1491 1939 1597 1981 ciuis
1619 1939 1760 1981 bonus

349 2043 393 2077 45
424 2043 684 2079 comistionem
712 2055 792 2078 esse
818 2055 906 2078 uere
935 2044 1094 2079 latinum
1121 2044 1194 2079 CT

350 2101 396 2135 16
423 2103 444 2136 4
472 2105 509 2137 et
535 2102 599 2137 ubi
626 2104 751 2145 BCT,
778 2113 868 2137 corr.
888 2104 924 2136 R
998 2104 1018 2137 6
1045 2104 1196 2147 oportet
1223 2113 1302 2136 esse
1322 2102 1392 2136 CT
1469 2101 1559 2136 7-8
1577 2101 1760 2146 pondere-

257 2160 359 2193 retur
396 2163 433 2194 et
468 2160 569 2195 illico
608 2161 769 2195 aliorum
795 2160 961 2195 omnium
988 2161 1059 2195 CT
1173 2162 1214 2196 10
1242 2161 1294 2196 sic
1321 2160 1391 2195 CT
1504 2161 1546 2195 12
1573 2162 1611 2194 et
1635 2159 1762 2194 minus

257 2217 432 2252 dicuntur
450 2219 485 2251 B
565 2218 607 2252 12
635 2218 815 2253 accidunt
833 2219 903 2252 CT
980 2219 1021 2254 13
1041 2219 1087 2253 ab
1116 2219 1203 2254 albo
1230 2230 1294 2255 om.
1314 2221 1385 2254 CT
1464 2220 1504 2253 15
1532 2222 1574 2254 ut
1599 2229 1663 2253 om.
1683 2218 1757 2252 GT

354 2281 442 2335 1——2
468 2301 526 2336 De
552 2301 788 2336 translatione
803 2302 992 2346 panthera
1009 2302 1054 2347 cf.
1073 2302 1121 2336 Ε.
1142 2302 1317 2337 Boehmer
1339 2303 1373 2336 in
1395 2301 1598 2336 ‘Damaris'
1616 2301 1762 2343 (Steti-ln

256 2358 360 2404 1865)
382 2372 418 2404 1).
443 2362 529 2394 294.
