1876 2615
396 55 570 90 DANTIS
595 55 658 90 DE
684 55 901 90 VULGARI
925 55 1233 97 ELOQUENTIA
1259 59 1292 92 II
1320 59 1347 92 l.
1570 61 1624 99 39

398 237 666 291 INCIPIT
709 236 1080 290 SECVNDVS
1122 237 1354 290 LIBER.

222 380 482 424 Olicitantes
527 380 686 422 iterum
741 377 1038 420 celebritatem
1090 378 1254 431 ingenii
1301 379 1440 419 nostri
1484 384 1525 421 et
1569 380 1668 422 adl

253 450 467 492 calamum
497 448 614 503 frugi
637 448 779 503 operis
800 447 1043 498 redeuntes,
1077 451 1178 488 ante
1202 449 1348 489 omnia
1371 449 1627 492 confitemur

133 522 286 564 latium
330 519 511 573 uulgare
551 519 719 560 illustre
750 522 841 559 tam
871 517 1069 571 prosaice
1102 531 1231 571 quam
1263 519 1440 561 metrice
1475 520 1627 562 decere

128 591 328 646 proferri.
393 589 480 633 Sed
519 590 620 643 quia
650 589 790 643 ipsum
821 588 1121 643 prosaicantes
1155 587 1209 629 ab
1242 588 1460 631 uientibus
1491 591 1628 644 magis

127 662 360 716 accipiunt,
384 664 426 702 et
449 659 549 713 quia
572 659 688 713 quod
711 659 901 701 auietum
925 662 989 700 est
1004 658 1355 712 prosaicantibus
1372 673 1628 712 permanere

128 731 303 773 uidetur
334 730 567 784 exemplar,
602 734 644 772 et
665 743 753 771 non
777 742 798 770 e
822 743 1046 779 conuerso,
1081 742 1162 781 que
1186 728 1400 781 quendam
1423 730 1629 771 uidentur
1647 745 1664 771 c

127 801 311 856 prebere
333 801 579 855 primatum,
602 800 742 855 primo
764 799 1001 841 secundum
1024 799 1139 852 quod
1162 799 1388 840 metricum
1408 803 1472 840 est
1487 800 1628 853 ipsum

130 872 432 922 carminemus‚
478 870 631 912 ordine
672 872 994 923 pertractantes
1037 869 1111 910 illo
1151 882 1277 922 quem
1309 869 1353 909 in
1385 868 1470 910 fine
1502 869 1628 922 primi

128 941 228 984 libri
274 941 549 996 polluximus
622 939 867 994 Queramus
912 939 1045 992 igitur
1088 939 1232 993 prius,
1289 942 1434 980 utrum
1481 953 1664 983 omnesu

129 1011 433 1053 uersificantes
465 1011 706 1065 uulgariter
738 1009 926 1052 debeant
956 1009 1066 1051 illud
1086 1009 1173 1061 uti3
1209 1013 1252 1050 et
1274 1008 1629 1062 superficietenus

128 1080 303 1122 uidetur
347 1080 463 1134 quod
503 1081 578 1131 sic,
625 1080 726 1133 quia
764 1079 902 1121 omnis
935 1079 1007 1132 qui
1038 1078 1314 1120 uersificat-ur
1346 1093 1446 1120 suos
1479 1093 1629 1120 uersus

130 1164 342 1192 exornare
384 1151 513 1192 debet
551 1151 596 1191 in
630 1153 840 1204 quantum
871 1153 1042 1203 potest3
1082 1162 1217 1202 quare
1250 1163 1345 1190 cum
1376 1148 1543 1191 nullum
1576 1149 1630 1190 sit
1652 1164 1683 1192 12

129 1224 220 1262 tam
263 1221 442 1275 grandis
486 1220 784 1263 exornationis
831 1233 959 1273 quam
1002 1218 1184 1272 uulgare
1227 1218 1409 1269 illustre,
1456 1218 1630 1260 uidetur

128 1290 247 1344 quod
280 1291 459 1344 quisque
490 1290 763 1332 uersificator
795 1289 953 1332 debeat
979 1280 1120 1342 ipsum
1142 1288 1218 1331 uti.
1281 1287 1493 1330 Preterea
1515 1289 1630 1342 quod

130 1361 339 1414 optimum
379 1365 444 1402 est
474 1361 519 1402 in
559 1374 717 1414 genere
750 1374 841 1410 suo,
883 1359 918 1401 si
949 1359 1036 1400 suis
1067 1357 1347 1400 inferioribus
1378 1358 1624 1408 misceatur,
1649 1373 1683 1401 15

130 1444 218 1471 non
241 1430 380 1472 solum
401 1430 463 1471 nil
486 1430 696 1484 derogare
718 1429 892 1471 uidetur
914 1430 986 1480 eis,
1020 1429 1096 1471 sed
1119 1442 1170 1470 ea
1192 1428 1421 1470 meliorare
1443 1428 1629 1469 uidetur.

132 1498 281 1553 Quare
305 1500 339 1541 si
363 1501 456 1553 quis
478 1500 764 1550 uersificator‚
789 1513 1037 1553 quanquam
1059 1499 1167 1540 rude
1184 1498 1468 1549 uersificetur‚
1491 1498 1631 1551 ipsum

135 1583 212 1611 sue
258 1570 440 1611 ruditati
486 1569 737 1620 admisceat,
782 1583 869 1611 non
903 1569 1041 1611 solum
1072 1569 1182 1610 bene
1215 1568 1333 1619 facit,
1383 1568 1458 1609 sed
1489 1568 1630 1621 ipsum
1653 1582 1683 1608 is

128 1640 191 1681 sic
222 1639 368 1682 facere
401 1644 603 1694 oportere
626 1639 811 1683 uidetur.
874 1639 1016 1681 Multo
1038 1640 1175 1693 magis
1196 1653 1304 1693 opus
1328 1642 1391 1679 est
1414 1637 1630 1678 adiutorio

128 1709 217 1751 illis
250 1710 323 1763 qui
353 1723 506 1763 pauca,
553 1724 681 1763 quam
725 1710 797 1763 qui
835 1709 972 1751 multa
1004 1714 1200 1763 possunt.
1264 1709 1324 1750 Et
1355 1709 1416 1750 sic
1448 1712 1631 1762 apparet

136 1779 253 1833 quod
299 1779 496 1821 omnibus
539 1780 889 1822 uersificantibus
934 1781 1065 1822 liceat
1108 1780 1247 1834 ipsum
1289 1780 1366 1823 uti.
1429 1778 1517 1820 Sed
1548 1777 1630 1819 hoc
1650 1789 1682 1817 ει

131 1848 412 1891 falsissimum
444 1853 528 1902 est3
570 1851 671 1903 quia
696 1863 777 1891 nec
809 1864 979 1903 semper
1012 1850 1370 1892 excellentissime
1403 1853 1631 1903 poetantes

131 1918 293 1961 debent
323 1919 433 1961 illud
465 1919 660 1971 induere,
693 1921 804 1962 sicut
825 1935 903 1974 per
923 1921 1104 1963 inferius
1127 1923 1399 1975 pertractata
1420 1917 1632 1972 perpendi

222 2035 416 2080 Inscriptio
454 2037 538 2071 libra*
566 2038 603 2071 in
630 2038 660 2071 Θ
689 2041 839 2072 tantum.
961 2040 976 2073 1
1007 2037 1242 2073 celeritatem
1269 2036 1496 2073 Fratz'cezliR

127 2096 167 2129 et
192 2094 292 2129 om.C
302 2094 334 2127 Τ
451 2094 471 2128 3
497 2095 658 2130 latinum
677 2096 746 2130 ΘΤ
760 2096 827 2131 edd
898 2096 1023 2131 deceri
1041 2097 1113 2131 CT
1221 2097 1243 2130 4
1268 2097 1534 2141 prosaycantes
1554 2094 1628 2127 BT

130 2152 350 2188 inuentibus
375 2153 447 2188 CT
594 2155 614 2189 5
643 2154 810 2189 auictum
836 2155 906 2189 CT
979 2167 1047 2200 per
1072 2165 1175 2189 mare
1202 2154 1274 2188 ΘΤ
1421 2154 1440 2187 6
1467 2153 1629 2197 uidetur]

128 2263 136 2270 .
156 2215 200 2270 xus.
221 2237 266 2277 B,
301 2262 308 2269 .
324 2217 345 2270 xis
363 2263 369 2270 .
386 2236 428 2275 Θ,
456 2264 463 2271 .
478 2218 531 2271 ἓ
554 2238 585 2270 Τ
662 2236 726 2281 qui
741 2236 871 2272 Sauter
920 2237 1081 2281 quedam
1108 2238 1178 2271 ΘΤ
1276 2237 1296 2270 9
1322 2245 1450 2270 omnes
1475 2244 1539 2268 om.
1559 2233 1628 2266 ΘΤ

133 2294 175 2328 14
202 2293 371 2338 quisquis
401 2294 448 2336 B,
476 2294 680 2339 quisquam
706 2295 777 2328 ΘΤ
911 2295 953 2329 15
980 2305 1045 2329 suo
1072 2295 1179 2330 omJ}
1314 2294 1355 2327 18
1383 2294 1475 2327 facit
1501 2293 1631 2328 lacuna

131 2351 257 2386 relicta
281 2362 347 2386 om.
367 2352 438 2387 OT
