1876 2615
291 88 466 125 DANTIS
491 89 554 124 DE
579 87 793 123 VULGARI
818 85 1131 129 ELOQUENTIA
1156 87 1191 120 II
1218 87 1364 121 13-14.
1537 90 1589 130 67

91 206 174 249 hoc
212 207 369 249 etenim
408 220 488 248 nos
519 205 666 247 facere
705 205 788 246 nisi
829 219 974 245 sumus
1005 205 1078 255 ibi,
1118 203 1268 253 Amor,
1308 209 1352 246 tec
1383 206 1482 246 aedi
1514 208 1642 254 {163263

85 277 155 320 che
200 280 342 330 questa
386 276 537 318 donna.
603 273 851 316 Secundum
893 288 998 315 uero
1041 279 1105 316 est
1136 275 1233 328 ipsa
1264 274 1431 316 inutilis
1465 277 1583 328 equi-

85 347 272 398 uocatio,
315 360 397 400 que
438 358 607 399 semper
638 345 853 386 sententie
886 345 1118 397 quicquam
1151 344 1363 398 derogare
1397 344 1583 386 uidetur.

87 416 147 458 Et
177 416 353 458 tertium
396 419 462 457 est
491 415 764 457 rithimorum
796 415 1022 468 asperitas,
1065 415 1149 457 nisi
1183 414 1297 457 forte
1330 416 1385 456 sit
1418 415 1589 457 lenitati
1607 428 1646 457 136

87 486 324 540 permixta3
371 499 472 526 nam
514 484 677 526 lenium
718 498 1058 538 asperorumque
1089 484 1365 527 rithimorum
1400 486 1590 527 mixtura

86 556 182 610 ipsa
213 554 412 609 tragedia
440 555 628 596 nitescit.
689 554 749 596 Et
781 554 861 596 hec
894 554 946 596 de
979 559 1085 607 arte,
1118 559 1255 609 prout
1287 555 1589 597 habitudinem

90 626 282 680 respicit,
313 629 441 667 tanta
473 625 708 667 sufficiant.
1609 644 1644 672 69

198 731 247 772 X
279 745 362 784 quo
395 730 479 772 duo
503 744 585 784 que
617 734 717 772 sunt
740 730 847 772 artis
869 730 913 771 in
937 731 1139 772 cantione
1174 731 1280 772 satis
1312 730 1579 772 sufficienter
1606 738 1652 773 14

228 801 526 848 tractauimus,
558 814 675 842 nunc
708 800 760 841 de
792 801 922 842 tertio
955 800 1130 842 uidetur
1166 814 1258 843 esse
1288 800 1582 851 tractandum,

90 870 294 912 uidelicet
337 870 391 912 de
431 884 612 912 numero
658 871 899 912 carminum
945 876 987 912 et
1030 870 1297 912 sillabarum.
1359 871 1420 913 Et
1451 870 1628 924 prim03

90 940 326 982 secundum
372 944 512 982 totam
558 942 765 983 stantiam
811 941 960 983 uidere
993 945 1166 995 oportet
1199 940 1386 995 aliquid;
1437 940 1593 982 deinde

90 1010 327 1052 secundum
348 1016 496 1065 partes
520 1012 609 1053 eius
632 1011 885 1053 uidebimus.
952 1011 1116 1053 Nostra
1138 1012 1272 1065 igitur
1294 1010 1434 1065 primo
1457 1010 1593 1052 refert

92 1080 399 1123 discretionem
436 1081 584 1124 facere
615 1084 730 1124 inter
762 1096 813 1123 ea
845 1095 928 1136 que
962 1082 1163 1123 canenda
1196 1085 1445 1131 occurrunt,
1489 1081 1624 1134 quiae

93 1149 277 1204 quedam
299 1151 460 1193 stantie
481 1151 777 1206 prolixitatem
799 1151 1006 1193 uidentur
1029 1156 1249 1206 appetere,
1284 1151 1471 1205 quedam
1492 1164 1595 1194 non.

93 1221 208 1263 Nam
242 1236 334 1263 cum
371 1236 422 1264 ea
454 1237 537 1276 que
569 1223 749 1265 dicimus
784 1227 942 1264 cunct-a
973 1222 1044 1263 uel
1068 1223 1184 1264 circa
1208 1222 1408 1263 dextrum
1430 1219 1595 1273 aliquid

91 1291 163 1333 uel
195 1291 416 1334 sinistrum
449 1306 669 1343 canamus,
701 1297 750 1334 ut
782 1292 1044 1346 quandoque
1075 1292 1365 1346 persuasorie,
1400 1290 1594 1345 quando·
1611 1308 1629 1335 a

96 1375 178 1416 que
211 1362 484 1413 dissuasorie,
518 1363 778 1416 quandoque
811 1362 1099 1416 gratulanter,
1134 1362 1395 1416 quandoque
1417 1360 1595 1411 ironice,

95 1432 356 1486 quandoque
386 1432 680 1483 laudabiliter,
715 1433 975 1486 quandoque
999 1433 1293 1486 contemptiue
1316 1445 1472 1473 canere
1496 1444 1596 1471 con-

94 1503 236 1556 tingit,
284 1516 365 1556 que
405 1503 521 1545 circa
558 1503 735 1544 sinistra
766 1507 867 1544 sunt
900 1502 1035 1544 uerba
1067 1516 1236 1556 semper
1270 1501 1325 1543 ad
1359 1505 1597 1542 extremum
1616 1516 1649 1544 12

95 1573 317 1624 festinent,
352 1576 394 1614 et
426 1573 512 1615 alia
545 1573 716 1615 decenti
746 1573 1000 1627 prolixitate
1031 1573 1192 1627 passim
1223 1572 1404 1614 ueniant
1438 1571 1493 1612 ad
1527 1584 1597 1612 ex—

94 1648 280 1686 tremum
313 1677 320 1685 .
357 1676 365 1686 .
401 1675 410 1685 .

189 1763 233 1797 63
259 1762 354 1797 uede
380 1762 477 1798 bene
505 1763 615 1797 BCT
712 1763 756 1796 66
783 1764 840 1796 est
865 1772 928 1796 om.
954 1761 1019 1795 ΘΤ
1117 1762 1160 1796 68
1185 1759 1314 1794 itescit
1340 1759 1409 1793 CT

188 1820 236 1854 14
263 1821 278 1854 1
309 1820 381 1855 duo
408 1831 473 1857 om.
495 1821 614 1863 ΒΘΤ,
641 1831 729 1856 corr.
748 1821 783 1853 R
926 1821 948 1854 4
973 1819 1195 1855 instantiam
1217 1819 1296 1859 ΒΘ,
1325 1817 1437 1853 -ciam
1461 1818 1492 1850 T
1544 1817 1599 1852 a³d

97 1877 265 1914 diuidere
292 1878 362 1912 ΘΤ
530 1881 551 1915 6
586 1880 757 1915 cauenda
791 1879 861 1912 ΘΤ
1033 1879 1075 1914 10
1106 1878 1239 1913 uonice
1266 1877 1348 1918 ΘΤ,
1383 1876 1535 1921 yronice
1565 1877 1598 1909 R

99 1938 138 1972 11
167 1937 385 1972 contentiue
410 1938 482 1972 ΘΤ
605 1938 646 1972 12
673 1937 865 1972 sinistram
894 1936 928 1969 Β

193 2043 237 2077 63
263 2042 401 2077 Dantis
425 2042 544 2077 cantio
569 2042 664 2077 edita
690 2052 717 2079 e.
741 2053 775 2086 y.
803 2042 846 2076 ab
873 2039 1030 2084 Seraftni
1055 2039 1078 2074 l.
1103 2051 1129 2075 c.
1151 2051 1191 2084 p.
1217 2042 1368 2079 185—7,
1398 2038 1502 2073 Santi
1527 2038 1548 2071 l.
1569 2048 1596 2072 c.

92 2111 130 2145 p.
158 2102 310 2143 403—9‚
342 2100 521 2136 Gardueei
547 2101 568 2135 l.
595 2111 621 2136 c.
648 2111 676 2136 c.
706 2102 858 2135 70-71.

1324 2444 1386 2484 5*
