1876 2615
358 74 534 111 DANTIS
559 74 623 109 DE
651 74 863 109 VULGARI
891 72 1201 116 ELOQUENTIA
1228 74 1261 107 Π
1291 74 1341 107 12.
1551 76 1605 114 63

96 194 171 236 sed
204 193 276 235 ubi
307 193 386 234 hee
419 196 520 233 sunt
553 190 622 231 uel
654 190 796 230 altera
829 188 935 237 sola,
970 189 1065 241 pari
1099 192 1141 228 et
1171 187 1328 241 impari
1359 201 1536 229 numero
1561 190 1604 230 in
1624 200 1657 227 ει

99 263 362 305 carminibus
401 261 504 302 licet
546 260 611 300 uti
651 259 707 300 ad
740 259 923 299 libitum.
985 258 1045 298 Et
1077 258 1187 298 sicut
1221 258 1409 310 quedam
1443 259 1607 299 stantia

100 338 164 374 est
210 347 296 374 uno
341 332 432 373 solo
475 329 735 384 eptasillabo
780 327 1068 375 conformata,
1118 327 1178 368 sic
1225 327 1416 375 duobus,
1466 327 1618 377 tribus,

100 407 299 456 quatuor,
334 401 522 454 quinque
545 399 719 440 uidetur
742 413 868 452 posse
893 399 1078 448 contexi,
1114 396 1345 438 dummodo
1370 396 1415 437 in
1440 397 1607 450 tragico
1627 408 1660 434 2¹4

100 472 248 512 uincat
280 469 645 511 endecasillabum
678 474 720 509 et
742 468 984 521 principiet.
1051 468 1363 509 Verumtamen
1387 467 1598 519 quosdam

102 541 156 583 ab
213 539 471 594 eptasillabo
526 540 692 592 tragice
739 538 1025 592 principiasse
1072 537 1337 587 inuenimus,
1395 536 1600 578 uidelicet

103 609 348 652 Guidonem
396 608 448 649 de
496 607 742 649 Ghisileriis
791 612 832 648 et
872 607 1129 648 Fabrutium
1164 606 1486 648 Bononienses:
1536 607 1598 648 Di,
1629 615 1662 643 2?

102 681 234 732 fermo
266 680 466 734 soffefflre,
500 681 543 719 et
559 678 732 728 Dmma,
767 679 803 718 lo
833 680 967 728 fermo
1001 692 1105 725 core,
1139 681 1181 717 et
1213 678 1274 718 Lo
1307 692 1395 718 meo
1428 678 1597 718 lontano

100 752 202 804 glire,
237 753 279 791 et
311 747 524 801 quosdam
558 747 679 788 alios.
744 746 830 789 Sed
863 748 896 788 si
930 747 984 788 ad
1018 761 1165 788 eorum
1196 760 1366 787 sensum
1394 746 1611 787 subtiliter

105 820 270 860 intrare
315 817 517 868 uelimus,
565 831 653 857 non
702 817 793 857 sine
841 816 1028 869 quodam
1072 816 1207 869 elegie
1245 815 1499 856 umbraculo
1532 815 1665 856 hecss«)

104 889 302 942 tragedia
332 888 594 942 processisse
627 887 860 928 uidebitur.
925 886 992 927 De
1014 886 1306 939 pentasillabo
1330 900 1500 939 quoque
1523 900 1610 926 non

106 960 166 1001 sic
198 958 499 1009 concedimus3
547 958 590 998 in
639 957 874 998 dictamine
906 970 1064 1008 magno
1097 955 1258 997 sufficit
1291 956 1403 996 enim
1436 957 1611 996 unicum

105 1028 442 1083 pentasillabum
484 1028 527 1068 in
570 1032 665 1069 tota
698 1027 860 1068 stantia
895 1027 1076 1076 conseri,
1121 1026 1192 1066 uel
1231 1025 1315 1067 duo
1349 1026 1404 1067 ad
1436 1025 1534 1079 plus
1567 1027 1611 1066 in
1631 1035 1667 1062 33

108 1098 312 1153 pedibus3
355 1102 398 1139 et
439 1097 534 1139 dico
576 1096 790 1150 ‘pedibus'
823 1102 1004 1150 propter
1035 1096 1340 1137 necessitatem
1375 1110 1460 1149 qua
1492 1095 1610 1149 pedi-

110 1169 188 1210 bus
234 1167 517 1220 uersibusque
566 1171 781 1208 cantatur.
843 1166 1026 1207 Minime
1074 1171 1218 1206 autem
1265 1166 1527 1207 trisillabum
1568 1167 1612 1206 in

110 1238 276 1290 tragico
323 1238 498 1278 uidetur
545 1251 638 1279 esse
670 1236 923 1278 sumendum
956 1250 1035 1289 per
1067 1250 1111 1277 se
1146 1236 1407 1285 subsistens;
1442 1240 1483 1276 et
1516 1235 1612 1276 dico
1632 1247 1668 1274 :56

108 1310 203 1362 ‘per
246 1321 291 1349 se
331 1306 596 1358 subsistens,
640 1308 741 1360 quia
781 1320 859 1360 per
901 1306 1120 1359 quandam
1161 1306 1433 1347 rithimorum
1468 1320 1611 1359 reper-

113 1379 354 1419 cussionem
400 1377 653 1430 frequenter
700 1377 874 1418 uidetur
922 1381 1214 1430 assumptum,
1271 1376 1382 1417 sicut
1427 1376 1615 1416 inueniri

112 1452 258 1502 potest
300 1448 342 1488 in
381 1446 458 1488 illa
491 1447 707 1489 Guidonis
736 1446 996 1496 Florentini‚
1035 1447 1195 1488 Domza
1225 1461 1288 1488 me
1315 1461 1463 1499 preya,
1499 1450 1541 1486 et
1571 1445 1615 1485 in
1635 1458 1671 1485 39

112 1517 189 1560 illa
221 1531 349 1571 quam
384 1517 582 1568 diximus,
615 1518 770 1559 Pas-aia
803 1519 861 1559 cla'
896 1520 1035 1561 Amor
1066 1517 1133 1558 del
1164 1520 1271 1557 tutto
1303 1517 1388 1556 m'a
1421 1515 1616 1557 lasciuia.

209 1658 253 1692 23
279 1656 545 1702 emptasillabo
576 1656 764 1699 9formata,
782 1657 824 1697 Θ,
852 1659 941 1700 epta
967 1656 1122 1690 sillabos
1151 1656 1221 1690 for·
1241 1656 1273 1689 T
1411 1655 1456 1689 26
1481 1654 1617 1699 princi-

114 1727 224 1761 passe
243 1715 313 1749 ΘΤ
379 1716 423 1749 27
443 1714 488 1749 de
507 1714 578 1747 ΘΤ
629 1715 672 1749 28
690 1714 823 1748 lontan
840 1716 874 1747 B
941 1713 985 1748 29
1012 1713 1043 1747 si
1061 1724 1126 1747 om.
1147 1713 1217 1747 ΘΤ
1283 1715 1327 1749 32
1345 1713 1444 1748 enim
1462 1724 1526 1747 om.
1547 1713 1618 1747 ΘΤ

116 1773 159 1807 :33
174 1773 335 1817 conserij
351 1773 423 1807 ΘΤ
475 1773 590 1808 33—4
604 1773 643 1807 in
658 1771 818 1817 pedibus
832 1783 897 1806 om.
912 1772 982 1806 ΒΘ
991 1771 1034 1813 Τ,
1053 1782 1141 1806 cor-r.
1160 1771 1319 1806 Tris-sino
1368 1772 1412 1806 34
1429 1771 1517 1817 qua]
1532 1779 1557 1817 q
1573 1771 1618 1815 B,

116 1842 157 1877 (ῃ
174 1832 246 1866 ΘΤ
351 1831 395 1865 35
414 1832 615 1866 cantantur
633 1830 703 1864 ΘΤ
801 1832 845 1866 40
871 1830 940 1865 illa
965 1841 1037 1875 que
1063 1830 1134 1864 ΘΤ
1185 1831 1270 1864 tuto
1289 1831 1360 1864 ΘΤ
1411 1831 1565 1866 lassiato
1585 1832 1622 1865 B

211 1961 326 1996 27—8
352 1961 510 1995 Carmen
536 1959 600 1993 ‘Di
630 1960 748 2003 fermo
783 1958 959 2002 sofferire'
995 1961 1033 1994 in
1057 1959 1164 1993 um’eo
1188 1948 1303 1994 codice
1335 1958 1509 1994 Vaticano
1532 1961 1621 1993 3214

117 2031 205 2056 saec.
237 2019 346 2054 XVI
365 2020 414 2054 in.
443 2020 602 2053 ‘Mastro
628 2017 769 2053 Simone
799 2018 927 2053 rinieri
951 2018 990 2053 di
1005 2017 1153 2062 fireme’
1176 2017 1390 2061 inscriptum
1416 2017 1554 2061 legitur,
1580 2027 1625 2051 επ·

118 2089 187 2123 quo
211 2077 398 2113 ediderunt
421 2077 466 2112 L.
487 2077 664 2111 Manzom'
688 2076 850 2122 (Rivista
876 2077 914 2111 di
939 2077 1095 2122 filoloyz'a
1118 2087 1291 2111 rom-anza
1310 2076 1342 2116 1,
1371 2075 1489 2109 Imola
1509 2076 1608 2109 1874

114 2148 154 2181 p.
182 2138 246 2180 84)
276 2140 308 2172 et
336 2136 389 2172 M.
416 2137 545 2171 Pelaez
570 2135 693 2180 (Rima
716 2135 855 2170 antiche
880 2136 1031 2171 italiane
1056 2163 1063 2170 .
1090 2162 1098 2170 .
1127 2163 1134 2170 .
1166 2150 1201 2163 =
1232 2133 1434 2169 Collezione
1459 2132 1496 2166 di
1520 2143 1626 2176 opere

120 2195 253 2230 inedite
277 2206 298 2230 ο
320 2206 407 2231 rare
426 2221 433 2228 .
453 2221 462 2230 .
482 2222 489 2230 .
509 2196 643 2232 diretta
668 2196 717 2231 da
742 2197 787 2233 G.
818 2194 994 2230 Carducci
1017 2195 1083 2228 vol.
1103 2196 1161 2237 42,
1189 2193 1357 2238 Boloyna
1374 2193 1478 2229 1895,
1501 2201 1537 2235 p.
1557 2192 1622 2231 61).

213 2253 258 2287 28
298 2252 473 2288 Carmina
518 2253 708 2289 Ghisilerii
751 2253 897 2288 ‘Donna
933 2253 967 2286 lo
1004 2250 1131 2295 fermo'
1167 2255 1199 2285 et
1237 2249 1411 2284 Fabrutii
1446 2248 1515 2282 ‘Lo
1551 2258 1626 2282 meo

126 2310 280 2346 lontano'
305 2315 501 2347 memorata
525 2313 599 2347 iam
622 2323 737 2356 supra
762 2312 789 2346 I
806 2314 862 2352 15,
887 2313 1005 2345 33—4
1030 2311 1132 2355 (pay.
1159 2308 1221 2352 33)
1245 2317 1340 2342 nunc
1364 2305 1560 2351 deperdita.

214 2369 259 2405 39
287 2369 416 2405 cantio
441 2369 620 2405 Gnidonis
649 2369 860 2405 Cavalcanti
885 2373 1082 2403 memorata
1106 2378 1220 2411 supra
1245 2367 1307 2400 lin.
1336 2369 1377 2400 11
1402 2365 1453 2409 (p.
1481 2364 1550 2408 62).
