1876 2615
212 47 268 86 24
485 44 659 79 DANTIS
686 45 748 80 DE
776 45 990 81 VULGARI
1016 46 1326 89 ELOQUENTIA
1352 49 1367 83 Ι
1396 50 1446 84 10.

161 171 191 198 12
213 161 500 204 Troianorum
532 163 918 217 Romanorumque
959 164 1152 218 gestibus
1197 166 1433 220 compilata
1474 170 1516 208 et
1558 168 1714 209 Arturi

211 234 322 286 regis
371 233 576 286 ambages
625 233 884 286 pulcerrime
934 238 976 275 et
1014 248 1143 288 quam
1175 234 1323 289 plures
1358 236 1440 277 alie
1471 237 1631 291 ystorie
1663 251 1716 279 ac

211 301 421 344 doctrine.
486 303 574 344 Pro
611 317 655 343 se
687 317 792 344 uero
825 308 1157 356 argumentatur
1188 305 1289 356 alia,
1323 306 1489 348 scilicet
1511 321 1566 358 oc,
1601 307 1715 361 quod

158 372 414 426 1:111111ga1·es
457 373 710 426 eloquentes
751 372 796 413 in
838 387 889 414 ea
919 374 1120 427 primitus
1151 375 1319 428 poetati
1352 380 1465 426 sunt,
1505 380 1715 430 tanquam

209 443 253 482 in
275 442 526 496 perfectiori
549 443 818 497 dulciorique
840 443 1028 497 loquela,
1052 449 1099 486 ut
1123 449 1229 500 puta
1245 445 1404 488 Petrus
1429 447 1481 489 de
1499 447 1715 489 Aluernia

211 517 252 552 et
285 512 358 553 alii
381 513 651 566 antiquiores
678 514 895 555 doctores.
959 513 1110 556 Tertia
1132 529 1315 568 quoque,
1350 531 1432 569 que
1455 517 1714 558 Latinorum

159 600 188 626 1>
211 587 286 632 est,
321 596 365 624 se
399 582 567 625 duobus
599 584 840 638 priuilegiis
875 589 1109 626 attestatur
1140 599 1336 639 preesse:
1370 587 1509 640 primo
1543 586 1716 640 quidem

211 652 327 704 quod
375 654 446 707 qui
495 653 662 695 dulcius
701 654 987 708 subtiliusque
1018 655 1186 708 poetati
1222 655 1461 709 uulgariter
1493 661 1606 707 sunt,
1656 657 1716 698 hii

209 723 446 765 familiares
491 728 532 765 et
580 724 805 766 domestici
846 725 912 766 sui
953 729 1074 766 sunt:
1122 729 1234 779 puta
1267 725 1401 768 Cinus
1433 727 1716 769 Pistoriensis

155 810 186 837 21
210 798 251 835 et
284 794 447 835 amicus
486 795 597 846 eius3
632 795 823 836 secundo
847 795 949 848 quia
970 796 1107 848 magis
1129 795 1306 837 uidetur
1327 796 1455 838 inniti
1476 798 1717 851 gramatice

210 877 291 917 que
325 864 519 905 comunis
553 869 644 917 est;
678 864 794 918 quod
825 865 1148 908 rationabiliter
1178 866 1509 920 inspicientibus
1540 867 1718 909 uidetur

209 935 511 988 grauissimum
545 939 860 989 argumentum.
923 936 1016 978 Nos
1048 950 1153 978 uero
1189 936 1396 978 iudicium
1418 936 1718 990 relinquentes

155 1020 187 1047 24
208 1006 252 1046 in
284 1004 367 1046 11οο
400 1010 441 1046 et
472 1009 711 1048 tractatum
742 1012 940 1048 nostrum
963 1006 1019 1048 ad
1041 1007 1225 1061 uulgare
1247 1006 1403 1048 latium
1425 1007 1715 1058 retrahentes,

210 1079 252 1116 et
282 1079 482 1129 receptas
524 1076 570 1116 in
611 1089 655 1118 se
688 1076 954 1118 uariationes
987 1075 1131 1118 dicere
1163 1090 1244 1118 nec
1279 1090 1367 1118 non
1399 1076 1497 1118 illas
1528 1076 1716 1118 inuicem

210 1158 463 1199 comparare
487 1160 705 1188 conemur.
749 1146 944 1188 Dicimus
968 1160 1069 1200 ergo
1091 1147 1235 1201 primo
1258 1147 1436 1189 Latium
1458 1147 1714 1200 bipartitum

155 1228 188 1256 ετ
209 1228 300 1256 esse
345 1215 390 1256 in
438 1215 638 1257 dextrum
685 1220 728 1258 et
774 1216 1010 1258 sinistrum.
1075 1215 1123 1258 Si
1165 1217 1265 1270 quis
1298 1221 1442 1258 autem
1475 1220 1630 1270 querat
1661 1216 1716 1258 de

207 1285 323 1326 linea
356 1285 589 1338 diffidente,
622 1285 815 1328 breuiter
845 1286 1160 1340 respondemus
1194 1301 1285 1328 esse
1306 1287 1453 1340 iugum
1476 1287 1716 1340 Apennini,

209 1356 324 1409 quod
372 1369 449 1397 ceu
492 1355 637 1398 fistule
684 1356 854 1398 culmen
900 1357 1002 1398 hinc
1047 1357 1150 1398 inde
1194 1356 1251 1398 ad
1287 1357 1460 1398 diuersa
1493 1356 1719 1398 stillicidia

154 1426 410 1480 :logi-undat,
459 1440 595 1480 aquas
643 1426 700 1469 ad
747 1427 919 1468 alterna
964 1427 1066 1469 hinc
1106 1427 1211 1469 inde
1243 1427 1375 1469 litora
1407 1441 1485 1481 per
1515 1426 1716 1468 imbricia

206 1497 338 1551 longa
370 1497 566 1548 distillat,
600 1502 648 1539 ut
669 1497 876 1539 Lucanus
908 1498 953 1539 in
986 1498 1178 1540 secundo
1212 1497 1434 1539 describit.
1497 1497 1715 1539 Dextrum

208 1567 381 1621 quidem
426 1568 544 1609 latus
590 1572 792 1622 tyrenum
838 1581 958 1609 mare
995 1567 1331 1621 grundatorium
1363 1567 1520 1620 habet3
1568 1567 1715 1609 leuum

153 1649 187 1677 3³3
206 1651 310 1679 uero
342 1638 386 1678 in
419 1637 681 1679 adriaticum
713 1638 844 1679 cadit.
907 1637 968 1679 Et
1003 1637 1144 1679 dextri
1175 1638 1374 1691 regiones
1408 1641 1509 1678 sunt
1532 1636 1717 1690 Apulia,

207 1707 282 1749 sed
314 1721 401 1748 non
423 1711 532 1758 tota,
567 1708 720 1759 Roma,
755 1707 969 1759 Duc-atus,
1003 1706 1166 1748 Tuscia
1189 1710 1231 1748 et
1251 1707 1473 1749 ianuensis
1502 1705 1714 1747 marchia.

208 1777 384 1820 Sinistri
429 1781 574 1819 autem
606 1791 709 1832 pars
739 1776 918 1831 Apulie,
960 1777 1158 1818 marchia
1196 1777 1477 1827 anconitana,
1519 1776 1713 1818 Roman-

152 1858 187 1886 3ss
209 1847 338 1898 diola,
372 1846 653 1897 Lombardia,
686 1847 881 1888 marchia
910 1847 1142 1888 triuisiana
1165 1861 1261 1888 cum
1285 1846 1495 1889 Venetiis.
1548 1845 1713 1888 Forum

300 1991 340 2024 14
361 1990 675 2034 argumentantur
696 1989 762 2023 CT
868 1989 909 2022 17
930 1998 1001 2031 que
1019 1986 1200 2028 0222.BCT,
1221 1986 1349 2021 corr.R
1465 1986 1509 2020 :20
1528 1984 1652 2029 Cynus
1667 1985 1715 2024 B,

207 2048 276 2084 cui'
299 2047 364 2084 CT
454 2049 497 2083 21
519 2047 641 2093 magis
659 2046 838 2081 uidentur
855 2045 942 2081 initi
965 2046 1034 2087 CT,
1055 2045 1258 2091 mag-liniti
1277 2046 1312 2079 B
1408 2045 1453 2079 24
1470 2042 1632 2078 latinum
1655 2042 1721 2076 CT

206 2108 249 2142 28
269 2106 422 2152 apenini
434 2106 480 2146 B,
499 2106 619 2141 -muni
636 2105 671 2147 C,
691 2105 808 2140 -nium
824 2099 856 2139 Τ
894 2105 938 2139 29
954 2104 1070 2139 fictile
1093 2104 1258 2139 VitelziR
1284 2102 1498 2138 diuersasB
1540 2101 1584 2136 30
1603 2112 1712 2146 grun-

206 2165 298 2199 dant
320 2164 384 2200 CT
426 2164 611 2208 ymbricia
629 2163 675 2206 B,
694 2162 874 2198 umbriria
893 2162 956 2197 CT
1048 2161 1090 2196 31
1112 2161 1299 2195 distillant
1321 2160 1384 2195 CT
1483 2160 1527 2194 32
1546 2158 1712 2203 quidem]

207 2233 356 2267 quoque
383 2222 494 2262 Bell
520 2221 648 2257 corr.R
822 2221 866 2255 35
891 2219 1063 2255 Mai-chia
1090 2220 1315 2261 andron-B,
1342 2230 1469 2254 marca
1495 2229 1633 2252 ancon·
1654 2216 1721 2251 CT

297 2341 339 2374 21
369 2340 509 2374 amicus
537 2339 615 2374 eius
639 2340 662 2374 πῖ,
690 2350 715 2374 e.
744 2339 894 2374 Dantes.
991 2339 1033 2374 31
1064 2338 1196 2374 Phars.
1223 2341 1258 2377 2,
1285 2339 1500 2373 396—438.
