1876 2615
343 71 519 107 DANTIS
546 69 609 104 DE
634 68 849 104 VULGARI
874 65 1183 108 ELOQUENTIA
1207 65 1222 99 Ι
1252 65 1303 100 18.
1517 67 1570 108 37

75 189 234 232 cotidie
280 188 468 241 extirpat
515 189 713 227 sentosos
760 182 938 224 frutices
986 180 1038 222 de
1084 179 1204 234 ytala
1241 178 1382 220 silua?
1428 194 1573 222 nonne

76 258 234 301 cotidie
280 257 351 299 uel
396 257 572 311 plantas
618 253 772 295 inserit
818 251 889 293 uel
934 250 1158 305 plantaria
1189 248 1394 303 plantat?
1455 249 1609 303 Quide

76 330 193 373 aliud
226 328 414 383 agricole
447 328 512 370 sui
544 329 761 380 satagunt,
794 323 877 365 nisi
908 327 956 364 ut
978 324 1211 364 amoueant
1234 323 1276 361 et
1297 318 1574 370 admoueant,

75 404 123 442 ut
169 399 332 441 dictum
380 397 475 440 est?
537 396 684 451 Quare
730 408 910 449 prorsus
956 396 1081 434 tanto
1130 390 1329 432 decusari
1361 389 1575 431 uocabulo

74 473 360 524 promeretur.
423 467 539 522 Quia
570 479 674 507 uero
708 464 959 506 aulicum
991 462 1279 511 nominamus,
1312 459 1420 500 illud
1444 472 1575 501 causa
1596 468 1628 497 12

76 543 140 581 est
188 539 318 593 quod,
352 539 388 580 si
420 537 565 580 aulam
597 549 676 577 nos
709 533 834 576 Ytali
865 533 1138 582 haberemus,
1171 529 1415 585 palatinum
1448 527 1574 570 foret.

76 609 191 651 Nam
237 609 273 650 si
319 608 421 651 aula
466 606 600 649 totius
640 604 764 659 regni
805 602 1000 646 comunis
1033 606 1097 644 est
1129 601 1280 643 domus
1313 603 1355 640 et
1388 599 1578 640 omnium

75 679 199 733 regni
243 678 434 733 partium
480 673 765 731 gubernatrix
797 676 996 726 augusta,
1045 669 1251 724 quicquid
1296 668 1386 710 tale
1419 672 1483 709 est
1530 672 1578 709 ut
1600 680 1630 707 15

76 749 274 791 omnibus
315 748 370 790 sit
401 759 582 789 comune
613 758 693 786 nec
725 743 950 798 proprium
981 741 1072 793 ulli,
1125 739 1389 782 conueniens
1423 741 1487 779 est
1529 741 1578 779 ut

75 818 120 860 in
153 832 204 860 ea
237 820 520 860 conuersetur
552 820 595 857 et
615 814 803 867 habitet3
837 827 918 855 nec
941 810 1118 865 aliquod
1140 809 1260 852 aliud
1281 807 1578 850 habitaculum

75 892 199 930 tanto
242 887 421 941 dignum
461 890 526 928 est
567 885 809 927 habitante.
873 882 973 924 Hoc
1015 894 1170 935 nempe
1201 878 1376 921 uidetur
1409 891 1503 919 esse
1534 877 1579 918 id
1600 888 1631 916 18

77 958 129 1000 de
162 971 246 1011 quo
268 957 487 1011 loquimur
507 956 709 1009 uulgare3
745 959 787 996 et
807 954 909 995 hinc
935 956 999 994 est
1021 950 1139 1005 quod
1160 950 1202 991 in
1227 949 1357 1003 regiis
1381 947 1579 990 omnibus

77 1031 388 1070 conuersantes
420 1040 590 1080 semper
621 1025 782 1067 illustri
813 1023 987 1077 uulgari
1018 1022 1235 1064 locuntur.
1297 1018 1416 1060 Hinc
1450 1018 1580 1059 etiam

76 1101 142 1139 est
189 1097 304 1151 quod
349 1100 548 1138 nostrum
593 1096 763 1137 illustre
802 1094 923 1136 uelut
971 1092 1096 1135 acola
1126 1090 1431 1146 peregrinatur
1465 1092 1505 1129 et
1536 1087 1633 1128 11121

75 1168 308 1210 humilibus
341 1167 590 1221 hospitatur
623 1166 754 1217 asilis,
795 1179 889 1207 cum
923 1163 1026 1205 aula
1056 1175 1273 1204 uacemUS.
1337 1159 1418 1200 Est
1451 1158 1581 1199 etiam

77 1239 230 1280 merito
277 1237 494 1280 curiale
541 1236 786 1287 dicendum,
836 1235 937 1289 quia
982 1233 1205 1276 curialitas
1251 1229 1313 1272 nil
1354 1228 1473 1270 aliud
1519 1231 1582 1269 est

79 1322 208 1362 quam
253 1307 416 1350 librata
458 1306 610 1361 regula
651 1320 800 1348 eorum
833 1318 914 1358 que
946 1301 1199 1358 peragenda
1230 1304 1354 1352 sunt3
1405 1303 1448 1341 et
1480 1298 1580 1352 quia
1600 1312 1635 1341 :24

79 1382 245 1420 statera
265 1376 511 1419 huiusmodi
532 1376 777 1418 librationis
798 1378 969 1416 tantum
990 1374 1034 1415 in
1059 1371 1429 1415 excellentissimis
1453 1369 1582 1411 curiis

81 1462 172 1489 esse
216 1447 338 1500 solet,
383 1447 485 1489 hinc
517 1450 583 1488 est
615 1445 730 1500 quod
764 1444 968 1499 quicquid
1000 1444 1046 1484 111
1078 1442 1248 1484 actibus
1280 1440 1440 1482 nostris
1472 1439 1581 1480 bene

78 1517 285 1559 libratum
333 1521 410 1568 est,
460 1516 622 1558 curiale
670 1515 853 1557 dicatur.
918 1513 1046 1557 Vnde
1089 1526 1185 1554 cum
1215 1510 1333 1552 istud
1364 1510 1408 1550 111
1441 1507 1580 1549 excel·
1599 1521 1634 1549 27

78 1586 319 1628 lentissima
344 1586 572 1629 Ytalorum
606 1586 726 1627 curia
753 1585 808 1626 sit
829 1584 1048 1632 libratum,
1084 1581 1169 1623 dici
1192 1579 1353 1622 curiale
1376 1583 1579 1620 meretur.

81 1655 169 1698 Sed
216 1655 360 1698 dicere
416 1655 531 1709 quod
577 1655 622 1696 in
670 1653 1033 1696 excellentissima
1077 1650 1313 1693 Ytalorum
1362 1649 1481 1690 curia
1528 1648 1582 1688 sit

79 1726 300 1776 libratum,
342 1725 516 1768 uidetur
548 1725 741 1779 nugatio,
775 1738 871 1765 cum
903 1724 1025 1765 curia
1058 1735 1296 1764 careamus.
1358 1717 1434 1760 Ad
1466 1716 1582 1771 quod
1601 1730 1638 1758 30

81 1795 210 1837 facile
240 1795 542 1849 respondetur.
606 1795 721 1837 Nam
752 1794 855 1836 licet
888 1793 1020 1844 curia,
1053 1791 1290 1834 secundum
1324 1788 1439 1843 quod
1460 1788 1585 1829 unita

82 1866 308 1920 accipitur,
332 1870 379 1908 ut
402 1865 522 1907 curia
544 1866 656 1920 regis
678 1865 926 1915 Alamanie,
950 1864 994 1905 in
1013 1863 1167 1905 Ytalia
1188 1876 1277 1903 non
1299 1860 1366 1910 sit,
1391 1857 1584 1899 membra

82 1940 228 1977 tamen
261 1936 352 1977 eius
383 1949 472 1977 non
506 1936 684 1987 desunt3
719 1939 761 1976 et
793 1934 905 1976 sicut
927 1933 1120 1975 membra
1141 1933 1257 1974 illius
1279 1944 1365 1972 uno
1387 1928 1584 1983 principe
1603 1939 1637 1968 33

82 2006 304 2057 uniuntur,
350 2005 410 2047 310
441 2005 635 2047 membra
666 2004 794 2046 huius
827 2004 1019 2058 gratioso
1051 2003 1213 2044 lumine
1246 2000 1430 2043 rationis
1462 1998 1584 2040 unita

83 2079 196 2117 sunt.
261 2074 408 2129 Quare
439 2075 597 2117 falsum
626 2080 737 2116 esset
759 2073 902 2115 dicere
926 2073 1046 2114 curia
1069 2086 1218 2114 carere
1240 2070 1413 2119 Ytalos,
1449 2081 1583 2121 quan-

176 2191 198 2226 8
225 2192 384 2235 exstupa
409 2192 452 2233 C,
489 2194 527 2226 et
560 2193 680 2237 stirpa
711 2192 742 2224 T
862 2190 1039 2224 fructices
1067 2190 1136 2223 CT
1187 2187 1305 2232 ytalia
1331 2186 1441 2219 BCT

88 2249 129 2284 10
148 2252 351 2285 amoueant
378 2253 415 2285 et
449 2251 679 2285 admoneant
698 2252 753 2292 Β,
797 2249 1027 2284 admoueant
1068 2250 1106 2282 et
1147 2246 1376 2281 admoueant
1395 2241 1464 2277 CT

87 2308 129 2343 18
155 2306 335 2352 ΠΘΡΘΟΤ
479 2309 523 2343 22
550 2308 694 2343 ausillis
722 2308 758 2342 B
888 2307 932 2342 28
958 2306 1109 2340 uidetur
1135 2305 1171 2339 B
1306 2302 1346 2336 31
1374 2303 1485 2335 unica
1511 2299 1582 2333 CT
