1876 2615
368 63 542 97 DANTIS
568 63 630 97 DE
656 63 871 98 VULGARI
896 62 1203 105 ELOQUENTIA
1233 65 1245 98 Ι
1272 66 1396 100 9-10.
1575 69 1629 107 23

136 182 357 225 hominum
400 183 492 224 uita
532 183 587 224 sit
637 181 768 223 etiam
811 180 907 234 ipsa
951 194 1030 221 sua
1060 185 1221 222 natura
1253 182 1521 223 breuissima.
1586 181 1632 223 Si

137 267 239 306 ergo
288 267 366 308 per
409 252 590 294 eandem
633 254 806 304 gentem
850 263 989 291 sermo
1022 251 1232 302 uariatur‚
1278 255 1326 292 ut
1359 251 1520 292 dictum
1554 255 1631 300 est,

138 323 380 364 successiue
410 335 488 376 per
519 326 731 376 tempora,
764 334 844 361 nec
866 323 982 361 stare
1004 319 1093 361 ullo
1116 321 1244 362 modo
1267 325 1424 374 potest,
1458 334 1632 362 necesse
1652 335 1684 362 57

135 396 204 434 est
251 396 298 434 ut
345 392 591 434 disiunctim
637 391 929 443 abmotimque
968 390 1239 432 morantibus
1271 391 1393 432 uarie
1425 391 1631 440 uarietur,

135 476 215 505 ceu
258 463 379 504 uarie
421 461 653 504 uariantur
683 473 824 501 mores
857 463 899 501 et
930 458 1117 509 habitus,
1153 460 1224 512 qui
1258 474 1337 501 nec
1368 465 1528 501 natura
1554 474 1634 501 nec

140 532 360 574 consortio
394 530 719 581 confirmantur,
763 529 838 571 sed
868 529 1070 571 humanis
1101 529 1388 583 beneplacitis
1419 529 1633 582 localique
1653 546 1687 572 ss«)

138 602 413 655 congruitate
434 604 686 643 nascuntur.
734 599 853 641 Hinc
875 601 980 641 moti
1002 604 1103 641 sunt
1123 600 1375 641 inuentores
1398 600 1634 653 gramatice

137 671 380 724 facultatis;
430 685 512 724 que
556 669 729 724 quidem
773 671 1015 723 gramatica
1059 669 1193 711 nichil
1239 669 1358 711 aliud
1401 673 1465 710 est
1506 683 1634 722 quam

136 741 324 794 quedam
346 740 635 783 inalterabilis
657 740 888 782 locutionis
905 740 1154 794 idemptitas
1172 740 1354 782 diuersis
1369 739 1634 792 temporibus
1654 752 1688 778 <23

136 815 269 864 atque
314 811 434 853 locis.
510 811 609 852 Hec
669 824 765 852 cum
809 810 862 852 de
919 811 1090 852 comuni
1137 824 1350 852 consensu
1401 808 1635 851 multarum

137 881 331 934 gentium
365 881 497 923 fuerit
527 881 740 935 regulata,
773 880 881 922 nulli
913 880 1123 934 singulari
1154 881 1336 922 arbitrio
1368 879 1543 922 uidetur
1565 879 1635 921 ob-

135 952 279 1003 noxia,
313 955 356 993 et
375 966 454 1006 per
486 965 753 1005 consequens
785 965 865 993 nec
896 951 1121 993 uariabilis
1155 965 1246 993 esse
1278 954 1434 1004 potest.
1497 949 1635 990 Adin-
1656 960 1689 986 ‹³ss

136 1025 352 1063 uenerunt
410 1036 511 1075 ergo
566 1021 709 1072 illam,
767 1036 822 1063 ne
867 1025 1047 1075 propter
1092 1021 1381 1063 uariationem
1429 1021 1637 1062 sermonis

137 1091 321 1133 arbitrio
365 1091 649 1145 singularium
692 1092 917 1143 fluitantis,
961 1091 1033 1133 uel
1072 1091 1192 1133 nullo
1230 1091 1359 1133 modo
1392 1090 1463 1132 uel
1494 1090 1637 1131 saltim

134 1161 389 1215 imperfecte
427 1162 705 1215 antiquorum
746 1162 1056 1215 attingeremus
1097 1162 1381 1203 auctoritates
1424 1164 1466 1201 et
1497 1164 1631 1214 gesta,
1655 1170 1689 1196 ω

134 1231 226 1272 siue
270 1230 443 1273 illorum
491 1245 598 1286 quos
639 1246 665 1274 a
699 1232 823 1273 nobis
869 1231 1065 1273 locorum
1113 1231 1344 1273 diuersitas
1391 1229 1497 1271 facit
1542 1244 1633 1271 esse

135 1300 345 1345 diuersos.

249 1383 460 1437 Riphario
493 1397 609 1425 1111110
642 1384 854 1425 existente
886 1386 1036 1425 nostro
1082 1383 1313 1437 5diomate,
1359 1386 1410 1423 ut
1441 1383 1637 1436 superius
1664 1381 1709 1414 10

278 1454 441 1495 dictum
463 1458 541 1504 est,
576 1454 617 1494 in
646 1454 969 1507 comparatione
993 1454 1058 1495 sui
1080 1453 1227 1507 ipsius,
1262 1451 1501 1494 secundum
1525 1452 1639 1504 quod

138 1524 353 1566 trisonum
397 1523 560 1565 factum
608 1528 683 1575 est,
730 1538 825 1565 cum
871 1527 997 1565 tanta
1034 1523 1268 1564 timiditate
1302 1526 1557 1563 cunctamur
1589 1522 1637 1562 li-
1658 1533 1673 1557 1:

141 1593 332 1643 brantes,
357 1594 473 1646 quod
494 1594 608 1635 hanc
629 1593 700 1634 uel
720 1594 849 1636 istam
871 1593 940 1634 uel
956 1593 1076 1634 illam
1093 1597 1262 1647 partem
1280 1593 1322 1633 in
1344 1591 1638 1645 comparando

138 1676 381 1716 preponere
412 1677 499 1704 non
533 1663 753 1714 audemus,
787 1664 869 1705 nisi
901 1677 950 1705 eo
975 1677 1058 1716 quo
1081 1663 1318 1716 gramatice
1339 1662 1553 1716 positores
1576 1662 1638 1702 111-

140 1732 375 1774 ueniuntur
407 1733 625 1787 accepisse
658 1736 720 1775 sic
750 1733 1004 1775 aduerbium
1036 1732 1310 1785 affirmandi3
1356 1732 1471 1786 quod
1505 1745 1639 1785 quan·
1660 1742 1675 1765 ⁴³

145 1801 245 1843 dam
293 1802 639 1844 anterioritatem
677 1816 858 1856 erogare
888 1802 1063 1844 uidetur
1095 1801 1254 1853 Ytalis,
1304 1803 1377 1855 qui
1408 1804 1443 1844 s}
1478 1802 1640 1843 dicunt.

143 1871 347 1927 Quelibet
382 1873 496 1914 enim
526 1874 715 1927 partium
747 1873 869 1926 largo
901 1873 1148 1914 testimonio
1172 1886 1216 1914 se
1238 1876 1399 1913 tuetur.
1463 1871 1642 1925 Allegat

141 1956 244 1996 ergo
277 1957 356 1997 pro
390 1957 434 1985 se
467 1943 615 1997 lingua
638 1945 706 1994 o'c'l,
740 1943 855 1997 quod
877 1947 1056 1997 propter
1078 1943 1142 1984 sui
1163 1942 1403 1984 faciliorem
1426 1956 1476 1984 ac
1499 1941 1638 1983 delec-
1660 1951 1677 1977 2⁹

145 2012 391 2054 tabiliorem
435 2013 743 2067 uulgaritatem
788 2012 992 2066 quicquid
1035 2012 1260 2054 redactum
1293 2012 1383 2054 siue
1415 2012 1641 2052 inuentum

148 2085 212 2124 est
256 2083 312 2124 ad
344 2083 524 2137 uulgare
556 2083 816 2137 prosaicum,
857 2097 981 2124 suum
1014 2086 1098 2124 est:
1147 2082 1350 2124 uidelicet
1381 2081 1515 2123 biblia
1547 2095 1642 2122 cum

238 2193 283 2228 60
308 2193 504 2228 firmantur
523 2193 588 2227 sed
604 2193 719 2227 huma
736 2193 802 2227 CT
857 2193 901 2226 64
917 2192 952 2226 h'
974 2192 1042 2233 OT,
1061 2193 1152 2236 R(=
1170 2193 1253 2237 hoc)
1273 2193 1309 2226 B
1368 2192 1412 2226 68
1431 2192 1566 2227 saltem
1583 2192 1647 2226 OT

238 2251 284 2285 10
311 2253 328 2287 1
357 2252 517 2286 exeunte
547 2251 613 2286 GT
753 2252 774 2286 6
800 2250 866 2296 sic]
895 2250 924 2283 si
952 2249 1062 2290 Bois,
1090 2261 1178 2285 corr.
1200 2250 1357 2285 Trissino
1421 2250 1640 2284 aduerbium

144 2309 201 2344 bis
230 2309 294 2344 CT
396 2309 417 2344 8
443 2309 542 2344 enim
572 2310 642 2351 CT,
669 2320 758 2354 ergo
786 2310 822 2343 B
931 2309 1011 2351 lOll
1038 2308 1231 2343 redactum
1257 2310 1313 2343 est
1341 2309 1420 2343 siue
1446 2309 1641 2343 inuentum

150 2367 200 2402 ad
224 2367 470 2413 uulgaremB
591 2368 632 2403 11
659 2379 884 2413 prosaycum
899 2368 933 2401 Β
942 2367 973 2401 Τ
