1876 2615
222 90 277 128 54
493 87 667 121 DANTIS
693 87 755 122 DE
785 87 1000 123 VULGARI
1025 88 1334 132 ELOQUENTIA
1360 91 1393 124 ΙΙ
1420 91 1450 124 7.

223 207 265 245 et
296 203 449 244 horum
483 202 666 256 quedam
700 203 930 255 siluestria‚
965 203 1150 257 quedam
1182 204 1371 256 urbana;
1406 209 1448 246 et
1472 219 1619 247 eorum
1644 220 1725 259 que

222 273 392 315 urbana
424 287 642 322 noc-auius,
692 273 878 327 quedam
910 288 1022 327 pexa
1054 278 1096 315 et
1128 274 1309 324 lubrica,
1359 275 1544 328 quedam
1575 279 1726 329 yrsuta

185 356 202 383 0
223 349 265 385 et
297 343 480 384 reburra
521 344 751 394 se11ti1nus;
800 344 915 384 inter
947 358 1029 397 que
1063 343 1236 397 quidem
1269 359 1381 398 pexa
1413 350 1544 398 atque
1577 349 1727 399 yrsuta

223 418 325 454 sunt
365 413 441 454 illa
481 427 562 466 que
602 427 808 454 uocamus
840 413 1087 466 gmndiosa,
1132 414 1301 455 lubrica
1333 429 1438 456 uero
1472 420 1514 456 et
1546 415 1727 456 reburra

223 497 430 524 uocamus
470 482 546 523 illa
579 496 660 535 que
692 483 735 523 in
770 482 1032 536 superfluum
1066 487 1246 536 sonant3
1291 484 1653 537 quemadmodum
1684 485 1728 526 in

172 566 203 593 12
222 553 389 606 magnis
413 552 614 606 operibus
639 553 823 605 quedam
846 553 1219 606 magnanimitatis
1243 559 1345 595 sunt
1367 569 1513 609 opera,
1544 554 1728 608 quedam

224 622 352 673 1'umi3
387 622 460 663 ubi
492 622 595 663 licet
625 622 669 662 in
702 622 930 675 superficie
963 622 1138 676 quidam
1172 623 1472 666 consideretur
1510 639 1727 675 ascensus,

225 706 276 733 ex
323 706 407 745 quo
449 692 636 733 limitata
675 692 850 733 uirtutis
891 692 1007 734 linea
1046 694 1363 746 preuaricatur,
1412 695 1524 736 bone
1570 694 1731 736 rationi

172 776 203 803 15
223 776 311 804 non
360 776 588 812 ascensus,
644 762 720 803 sed
775 776 853 815 per
901 762 1042 804 altera
1089 762 1276 804 decliuia
1323 765 1450 805 ruina
1498 764 1730 806 constabit.

224 833 443 874 intuearis
491 846 613 885 ergo,
662 833 819 882 lector,
868 836 1048 883 attente,
1098 838 1308 886 quantum
1354 834 1409 875 ad
1458 833 1732 876 exaceranda

226 904 398 956 egregia
441 902 578 944 uerba
608 907 651 943 te
685 903 879 944 cribrare
912 907 1104 957 oportet3
1148 917 1249 944 nam
1283 905 1318 945 si
1349 903 1532 957 uulgare
1563 904 1732 946 illustre

174 986 205 1013 is
226 973 487 1024 consideres,
513 987 596 1026 quo
619 973 785 1026 tragice
809 972 969 1014 debent
990 973 1054 1015 uti
1075 977 1204 1027 poete
1226 973 1442 1026 uulgares,
1468 978 1514 1015 ut
1537 975 1734 1028 superius

226 1043 388 1084 dictum
421 1047 499 1094 est,
534 1057 641 1096 quos
673 1043 913 1084 informare
945 1043 1224 1093 intendimus,
1259 1043 1352 1085 sola
1374 1043 1591 1085 uocabula
1613 1044 1734 1086 nobi-

225 1113 390 1154 lissima
421 1113 465 1154 in
499 1113 641 1154 cribro
674 1118 748 1154 tuo
782 1113 973 1154 residere
1007 1113 1191 1155 curabis.
1257 1114 1309 1154 In
1343 1128 1526 1166 quorum
1555 1127 1734 1155 numero

172 1196 204 1224 21
225 1197 307 1225 nec
338 1183 524 1237 puerilia
554 1187 741 1237 propter·
767 1183 831 1224 sui
865 1183 1199 1236 simplicitatem,
1233 1188 1281 1224 ut
1311 1198 1496 1225 mamma
1527 1187 1569 1225 et
1591 1184 1733 1236 bobbo,

226 1258 333 1296 mate
365 1258 408 1295 et
433 1258 546 1307 pate,
591 1267 671 1294 nec
711 1253 941 1294 muliebria
972 1258 1153 1308 propter
1184 1254 1250 1294 sui
1282 1253 1521 1304 mollitiem,
1565 1258 1612 1294 ut
1643 1253 1735 1294 dol-

227 1325 350 1366 ciada
390 1327 433 1365 et
461 1324 688 1376 placenda,
738 1337 817 1364 nec
861 1323 1079 1365 siluestria
1110 1328 1291 1377 propter
1323 1323 1636 1373 austeritatem,
1688 1326 1735 1363 ut

174 1412 209 1440 24
223 1396 396 1449 yreyyia
429 1397 471 1434 et
503 1397 624 1444 cetra,
670 1407 749 1435 nec
782 1393 952 1436 urbana
984 1393 1153 1434 lubrica
1186 1398 1228 1434 et
1258 1393 1454 1444 reburra,
1500 1397 1548 1434 ut
1578 1394 1734 1445 femina

229 1467 273 1505 et
303 1478 440 1517 corpo,
483 1463 572 1504 ullo
615 1463 743 1505 modo
784 1464 948 1517 poteris
987 1463 1230 1505 conlocare.
1295 1462 1401 1505 Sola
1434 1462 1592 1504 etenim
1624 1475 1736 1516 pexa

229 1538 468 1588 yrsutaque
500 1533 671 1574 urbana
701 1533 780 1575 tibi
813 1538 980 1574 restare
1011 1533 1193 1584 uidebis,
1228 1547 1309 1586 que
1342 1532 1610 1575 nobilissima
1639 1536 1738 1573 sunt

176 1610 210 1638 27
231 1608 274 1645 et
319 1603 514 1645 membra
557 1603 752 1657 uulgaris
783 1603 981 1645 illustris.
1045 1603 1105 1644 Et
1136 1617 1248 1657 pexa
1280 1617 1487 1645 uocamus
1518 1602 1607 1653 illa,
1656 1615 1738 1654 que

228 1673 445 1715 trisillaba
476 1672 547 1714 uel
578 1673 844 1714 uicinissima
875 1672 1176 1723 trisillabitati,
1210 1673 1303 1714 sine
1333 1672 1611 1727 aspiratione,
1646 1671 1737 1713 sine

230 1747 414 1785 accentu
447 1747 575 1784 acuto
609 1743 678 1784 uel
712 1744 1001 1793 circumflexo,
1035 1743 1127 1784 sine
1159 1758 1179 1784 z
1213 1743 1283 1784 uel
1305 1758 1331 1783 x
1354 1742 1613 1796 duplicibus,
1647 1741 1739 1783 sine

175 1820 211 1848 30
231 1813 415 1855 duarum
446 1813 710 1866 liquidarum
733 1813 1025 1867 geminatione
1047 1812 1117 1854 uel
1140 1813 1355 1867 positione
1377 1812 1613 1853 inmediate
1635 1816 1734 1865 post

231 1887 396 1924 mutam
443 1882 594 1924 dolata
642 1884 791 1936 quasi,
845 1883 1092 1936 loquentem
1143 1897 1236 1924 cum
1283 1882 1470 1936 quadam
1519 1881 1739 1922 suauitate

232 1953 499 2006 relinquunt,
545 1957 593 1994 ut
625 1967 782 2004 amore,
824 1954 978 2004 domm,
1021 1953 1143 2004 elisio,
1176 1954 1347 2003 uirtute,
1381 1953 1551 2003 donare,
1587 1952 1736 2001 letitia,

327 2046 418 2081 7-8
445 2048 483 2080 et
509 2057 638 2081 eorum
665 2058 736 2090 que
763 2045 907 2080 urbana
932 2057 995 2080 om.
1013 2045 1044 2078 Τ
1096 2046 1154 2087 8,9
1179 2048 1292 2081 usuta
1305 2045 1377 2080 CT
1432 2046 1473 2080 10
1497 2043 1738 2080 reburtaC‘l'

234 2105 273 2139 11
304 2103 368 2149 qui
395 2103 545 2139 admod'
572 2104 643 2138 ΘΤ
758 2103 799 2138 13
825 2104 1009 2139 adcensus
1036 2104 1107 2138 ΘΤ
1220 2106 1261 2138 15
1289 2104 1490 2139 adsenssus
1517 2103 1560 2145 C,
1586 2102 1740 2136 adscen-

234 2175 295 2197 sus
325 2163 357 2196 Τ
459 2163 501 2198 16
528 2164 681 2198 actente
710 2163 759 2204 B,
784 2162 847 2197 -de
879 2164 923 2204 Τ,
956 2162 1112 2197 attende
1139 2164 1315 2207 eoepunxz't
1340 2163 1370 2197 C
1472 2161 1513 2195 17
1533 2161 1678 2196 cribare
1699 2161 1733 2193 Β

234 2221 400 2257 cribrate
413 2221 483 2257 CT
576 2222 617 2256 18
636 2222 773 2267 tragici
792 2222 840 2263 Β,
860 2220 940 2266 -gia
954 2221 1021 2255 ΘΤ
1119 2221 1163 2254 22
1178 2220 1366 2255 muliebre,
1380 2220 1447 2255 CT
1545 2220 1591 2253 24
1609 2218 1741 2264 gregia

233 2279 306 2314 ΘΤ
358 2282 485 2315 cetera
512 2280 633 2321 ΒΘΤ,
661 2291 741 2315 corr
764 2280 798 2314 R
845 2279 1001 2314 reburta.
1019 2277 1087 2312 ΘΤ
1195 2279 1239 2313 25
1258 2278 1399 2314 etenim
1418 2280 1466 2319 Β,
1494 2280 1532 2313 et
1557 2279 1639 2322 tem,
1668 2274 1739 2309 ΘΤ

233 2338 279 2373 28
306 2338 458 2373 uicissia
485 2339 522 2373 B
571 2338 812 2374 trisilabitati
838 2337 950 2372 ΒΘΤ
1049 2338 1093 2372 29
1121 2339 1254 2373 acento
1281 2338 1316 2371 B
1415 2337 1457 2371 31
1487 2334 1738 2371 dolatamCT

235 2396 280 2429 32
306 2398 454 2432 vertute
481 2397 517 2431 R
